@article{Babur2019,
	title        = {Metamodel clone detection with SAMOS},
	author       = {Babur, \"{O}nder and Cleophas, Loek and van den Brand, Mark},
	year         = 2019,
	month        = 4,
	journal      = {Journal of Computer Languages},
	publisher    = {Elsevier BV},
	volume       = 51,
	pages        = {57--74},
	doi          = {10.1016/j.cola.2018.12.002},
	issn         = {2590-1184},
	url          = {https://www.sciencedirect.com/science/article/pii/S1045926X18301939},
	keywords     = {Model-driven engineering, Domain-specific languages, Model analytics, Model clone detection, Vector space model, Clustering, Repository mining, Software maintenance, Empirical software engineering}
}
@inproceedings{Basciani2016,
	title        = {Automated Clustering of Metamodel Repositories},
	author       = {Francesco Basciani and Juri Di Rocco and Davide Di Ruscio and Ludovico Iovino and Alfonso Pierantonio},
	year         = 2016,
	month        = 6,
	journal      = {International Conference on Advanced Information Systems Engineering},
	booktitle    = {Advanced Information Systems Engineering},
	publisher    = {Springer International Publishing},
	address      = {Cham},
	volume       = 9694,
	pages        = {342--358},
	doi          = {10.1007/978-3-319-39696-5\_21},
	isbn         = {978-3-319-39696-5},
	issn         = {0302-9743},
	url          = {https://link.springer.com/content/pdf/10.1007/978-3-319-39696-5\_21.pdf},
	editor       = {Nurcan, Selmin and Soffer, Pnina and Bajec, Marko and Eder, Johann}
}
@article{Bidgood2017,
	title        = {As computer coding classes swell, so does cheating},
	author       = {Bidgood, Jess and Merrill, Jeremy B.},
	year         = 2017,
	journal      = {The New York Times},
	url          = {https://www.nytimes.com/2017/05/29/us/computer-science-cheating.html},
	urldate      = {2024-01-12},
	date         = {2017-03-12}
}
@article{Brun2008,
	title        = {Model differences in the eclipse modeling framework},
	author       = {Brun, C\'{e}dric and Pierantonio, Alfonso},
	year         = 2008,
	journal      = {UPGRADE, The European Journal for the Informatics Professional},
	volume       = 9,
	number       = 2,
	pages        = {29--34}
}
@inproceedings{bulychev2008,
	title        = {Duplicate code detection using anti-unification},
	author       = {Bulychev, Peter and Minea, Marius},
	year         = 2008,
	journal      = {Proceedings of the Spring/Summer young researchers' colloquium on software engineering},
	booktitle    = {Proceedings of the Spring/Summer Young Researchers' Colloquium on Software Engineering},
	publisher    = {Institute for System Programming of the Russian Academy of Sciences},
	number       = 2,
	issn         = {2311-7230}
}
@inproceedings{Deissenboeck2008,
	title        = {Clone detection in automotive model-based development},
	author       = {Florian Deissenboeck and Benjamin Hummel and Elmar J\"{u}rgens and Bernhard Sch\"{a}tz and Stefan Wagner and Jean-Fran\c{c}ois Girard and Stefan Teuchert},
	year         = 2008,
	month        = 5,
	journal      = {2008 ACM/IEEE 30th International Conference on Software Engineering},
	booktitle    = {Proceedings of the 13th international conference on Software engineering - ICSE \ensuremath{'}08},
	publisher    = {ACM Press},
	pages        = {603--612},
	doi          = {10.1145/1368088.1368172},
	url          = {https://doi.org/10.1145/1368088.1368172},
	editor       = {Sch\"{a}fer, Wilhelm and Dwyer, Matthew B. and Gruhn, Volker}
}
@article{DevoreMcDonald2020,
	title        = {Mossad: Defeating Software Plagiarism Detection},
	author       = {Breanna Devore-McDonald and Emery D. Berger},
	year         = 2020,
	month        = 11,
	journal      = {Proceedings of the ACM on Programming Languages},
	publisher    = {Association for Computing Machinery (ACM)},
	address      = {New York, NY, USA},
	volume       = 4,
	number       = {OOPSLA},
	pages        = {1--28},
	doi          = {10.1145/3428206},
	issn         = {2475-1421},
	url          = {https://dl.acm.org/doi/pdf/10.1145/3428206},
	articleno    = 138,
	hideurl      = {https://doi.org/10.1145/3428206},
	issue_date   = {November 2020},
	keywords     = {cryptography and security, programming languages, computers and society, neural and evolutionary computing},
	numpages     = 28
}
@online{EMFCompareURL,
	title        = {EMF Compare},
	author       = {Eclipse Foundation},
	year         = 2019,
	url          = {https://eclipse.dev/emf/compare/},
	urldate      = {2024-11-05}
}
@inproceedings{Karnalim2016,
	title        = {Detecting source code plagiarism on introductory programming course assignments using a bytecode approach},
	author       = {Oscar Karnalim},
	year         = 2016,
	month        = 10,
	booktitle    = {2016 International Conference on Information \& Communication Technology and Systems (ICTS)},
	publisher    = {IEEE},
	pages        = {63--68},
	doi          = {10.1109/icts.2016.7910274}
}
@article{Martinez2020,
	title        = {Efficient plagiarism detection for software modeling assignments},
	author       = {Salvador Mart\'{\i}nez and Manuel Wimmer and Jordi Cabot},
	year         = 2020,
	month        = 1,
	journal      = {Computer Science Education},
	publisher    = {Informa UK Limited},
	volume       = 30,
	number       = 2,
	pages        = {187--215},
	doi          = {10.1080/08993408.2020.1711495},
	issn         = {0899-3408},
	url          = {https://hal-imt-atlantique.archives-ouvertes.fr/hal-02498433/file/PlagiarismDectectionForMDE-Accepted.pdf},
	hideurl      = {https://doi.org/10.1080/08993408.2020.1711495}
}
@phdthesis{mohottige2021,
	title        = {A content analysis based plagiarism detector for UML diagrams in academic literature},
	author       = {Mohottige, ST},
	year         = 2021,
	url          = {http://dlib.iit.ac.lk/xmlui/handle/123456789/889},
	institution  = {Informatics Institute of Technology},
	school       = {Department of Computing}
}
@online{MOSS,
	title        = {MOSS Software Plagiarism Detector Website},
	author       = {Alex Aiken},
	year         = 2022,
	month        = 7,
	url          = {http://theory.stanford.edu/~aiken/moss/},
	urldate      = {2024-01-12},
	organization = {Stanford University}
}
@article{Novak2019,
	title        = {Source-Code Similarity Detection and Detection Tools Used in Academia: A Systematic Review},
	author       = {Matija Novak and Mike Joy and Dragutin Kermek},
	year         = 2019,
	month        = 9,
	journal      = {ACM Transactions on Computing Education},
	publisher    = {Association for Computing Machinery (ACM)},
	address      = {New York, NY, USA},
	volume       = 19,
	number       = 3,
	pages        = {1--37},
	doi          = {10.1145/3313290},
	issn         = {1946-6226},
	articleno    = 27,
	hideurl      = {https://doi.org/10.1145/3313290},
	issue_date   = {September 2019},
	keywords     = {Source-code, programming, plagiarism, education, systematic review, detection, similarity, academia},
	numpages     = 37
}
@online{PlagiarismDefinition,
	title        = {Plagiarizing Definition \& Meaning},
	author       = {Merriam-Webster},
	year         = 2022,
	url          = {https://www.merriam-webster.com/dictionary/plagiarizing},
	urldate      = {2024-07-22}
}
@book{prechelt2000,
	title        = {JPlag: Finding plagiarisms among a set of programs},
	author       = {Prechelt, Lutz and Malpohl, Guido and Philippsen, Michael},
	year         = 2000,
	publisher    = {Karlsruhe Institute of Technology},
	doi          = {10.5445/ir/542000},
	url          = {https://publikationen.bibliothek.kit.edu/542000},
	note         = {Technical Report}
}
@article{prechelt2002,
	title        = {Finding plagiarisms among a set of programs with JPlag.},
	author       = {Prechelt, Lutz and Malpohl, Guido and Philippsen, Michael},
	year         = 2002,
	month        = 11,
	journal      = {Journal of Universal Computer Science},
	publisher    = {Karlsruhe Institute of Technology},
	volume       = 8,
	number       = 11,
	pages        = 1016,
	doi          = {10.3217/jucs-008-11-1016},
	url          = {https://doi.org/10.3217/jucs-008-11-1016}
}
@article{Roy2009,
	title        = {Comparison and evaluation of code clone detection techniques and tools: A qualitative approach},
	author       = {Chanchal K. Roy and James R. Cordy and Rainer Koschke},
	year         = 2009,
	month        = 5,
	journal      = {Science of Computer Programming},
	publisher    = {Elsevier BV},
	volume       = 74,
	number       = 7,
	pages        = {470--495},
	doi          = {10.1016/j.scico.2009.02.007},
	issn         = {0167-6423},
	url          = {https://doi.org/10.1016/j.scico.2009.02.007},
	hideurl      = {https://www.sciencedirect.com/science/article/pii/S0167642309000367},
	keywords     = {Software clone, Clone detection, Comparison, Scenario-based evaluation}
}
@article{runeson2008,
	title        = {Guidelines for conducting and reporting case study research in software engineering},
	author       = {Per Runeson and Martin H\"{o}st},
	year         = 2008,
	month        = 12,
	journal      = {Empirical Software Engineering},
	publisher    = {Springer Science and Business Media LLC},
	volume       = 14,
	number       = 2,
	pages        = {131--164},
	doi          = {10.1007/s10664-008-9102-8},
	issn         = {1382-3256},
	url          = {https://link.springer.com/content/pdf/10.1007/s10664-008-9102-8.pdf}
}
@inproceedings{Schleimer2003,
	title        = {Winnowing: Local Algorithms for Document Fingerprinting},
	author       = {Saul Schleimer and Daniel S. Wilkerson and Alex Aiken},
	year         = 2003,
	month        = 6,
	journal      = {ACM SIGMOD Conference},
	booktitle    = {Proceedings of the 2003 ACM SIGMOD International Conference on Management of Data},
	location     = {San Diego, California},
	publisher    = {ACM},
	address      = {New York, NY, USA},
	series       = {SIGMOD '03},
	pages        = {76–85},
	doi          = {10.1145/872757.872770},
	isbn         = {158113634X},
	editor       = {Halevy, Alon Y. and Ives, Zachary G. and Doan, AnHai},
	hideurl      = {https://doi.org/10.1145/872757.872770},
	numpages     = 10
}
@inproceedings{Shobha2021,
	title        = {Comparison between Code Clone Detection and Model Clone Detection},
	author       = {G Shobha and Ajay Rana and Vineet Kansal and Sarvesh Tanwar},
	year         = 2021,
	month        = 9,
	booktitle    = {2021 9th International Conference on Reliability, Infocom Technologies and Optimization (Trends and Future Directions) (ICRITO)},
	publisher    = {IEEE},
	volume       = 3,
	pages        = {1--5},
	doi          = {10.1109/icrito51393.2021.9596454}
}
@article{Stoerrle2013,
	title        = {Towards clone detection in UML domain models},
	author       = {Harald St\"{o}rrle},
	year         = 2013,
	month        = 5,
	day          = {01},
	journal      = {Software \& Systems Modeling},
	publisher    = {Springer Science and Business Media LLC},
	volume       = 12,
	number       = 2,
	pages        = {307--329},
	doi          = {10.1007/s10270-011-0217-9},
	issn         = {1619-1374},
	url          = {https://backend.orbit.dtu.dk/ws/files/6282169/MC-1b-CloneDetection.pdfn.pdf},
	hideurl      = {https://doi.org/10.1007/s10270-011-0217-9}
}
@inbook{Stoerrle2015,
	title        = {Effective and Efficient Model Clone Detection},
	author       = {Harald St\"{o}rrle},
	year         = 2015,
	journal      = {Software, Services, and Systems},
	booktitle    = {Software, Services, and Systems: Essays Dedicated to Martin Wirsing on the Occasion of His Retirement from the Chair of Programming and Software Engineering},
	publisher    = {Springer International Publishing},
	address      = {Cham},
	volume       = 8950,
	pages        = {440--457},
	doi          = {10.1007/978-3-319-15545-6\_25},
	isbn         = {978-3-319-15545-6},
	issn         = {0302-9743},
	url          = {https://backend.orbit.dtu.dk/ws/files/120655040/Effective\_and\_Efficient\_Model\_Clone\_Detection\_MC\_1d\_CloneDetection.pdf},
	editor       = {De Nicola, Rocco and Hennicker, Rolf},
	hideurl      = {https://doi.org/10.1007/978-3-319-15545-6\_25}
}
@inproceedings{Strueber2016,
	title        = {Clone Detection for Graph-Based Model Transformation Languages},
	author       = {Str\"{u}ber, Daniel and Pl\"{o}ger, Jennifer and Acre\c{T}oaie, Vlad},
	year         = 2016,
	month        = 7,
	journal      = {International Conference on Model Transformation},
	booktitle    = {Theory and Practice of Model Transformations},
	publisher    = {Springer International Publishing},
	address      = {Cham},
	volume       = 9765,
	pages        = {191--206},
	doi          = {10.1007/978-3-319-42064-6\_13},
	isbn         = {978-3-319-42064-6},
	issn         = {0302-9743},
	editor       = {Van Gorp, Pieter and Engels, Gregor}
}
@article{Wise1993,
	title        = {String Similarity via Greedy String Tiling and Running Karp-Rabin Matching},
	author       = {Wise, Michael},
	year         = 1993,
	month        = {01},
	journal      = {Unpublished Basser Department of Computer Science Report}
}
@article{Wise1995,
	title        = {Neweyes: a system for comparing biological sequences using the running Karp-Rabin Greedy String-Tiling algorithm},
	author       = {Wise, Michael J.},
	year         = 1995,
	journal      = {Proc Int Conf Intell Syst Mol Biol},
	booktitle    = {Proceedings of the Third International Conference on Intelligent Systems for Molecular Biology, Cambridge, United Kingdom, July 16-19, 1995},
	publisher    = {AAAI},
	address      = {United States},
	volume       = 3,
	pages        = {393--401},
	url          = {https://pubmed.ncbi.nlm.nih.gov/7584464},
	editor       = {Rawlings, Christopher J. and Clark, Dominic A. and Altman, Russ B. and Hunter, Lawrence and Lengauer, Thomas and Wodak, Shoshana J.},
	language     = {en}
}
@article{Kessentini2014,
	title        = {Search-based metamodel matching with structural and syntactic measures},
	author       = {Marouane Kessentini and Ali Ouni and Philip Langer and Manuel Wimmer and Slim Bechikh},
	year         = 2014,
	month        = 11,
	journal      = {Journal of Systems and Software},
	publisher    = {Elsevier BV},
	volume       = 97,
	pages        = {1--14},
	doi          = {https://doi.org/10.1016/j.jss.2014.06.040},
	issn         = {0164-1212},
	hideurl      = {http://www.sciencedirect.com/science/article/pii/S0164121214001484},
	keywords     = {Model matching, Search-based software engineering, Simulated annealing}
}
@article{Stephan2013,
	title        = {A Survey of Model Comparison Approaches and Applications},
	author       = {Stephan, Matthew and Cordy, James R.},
	year         = 2013,
	journal      = {International Conference on Model-Driven Engineering and Software Development},
	booktitle    = {Proceedings of the 1st International Conference on Model-Driven Engineering and Software Development - Volume 1: MODELSWARD},
	publisher    = {SciTePress - Science and and Technology Publications},
	pages        = {265--277},
	doi          = {10.5220/0004311102650277},
	isbn         = {978-989-8565-42-6},
	editor       = {Hammoudi, Slimane and Pires, Lu\'{\i}s Ferreira and Filipe, Joaquim and Neves, Rui C\'{e}sar das},
	organization = {INSTICC}
}
@article{Murray2010,
	title        = {Cheating in Computer Science},
	author       = {Murray, William},
	year         = 2010,
	month        = {06},
	journal      = {Ubiquity},
	publisher    = {Association for Computing Machinery (ACM)},
	volume       = 2010,
	number       = {October},
	pages        = 2,
	doi          = {10.1145/1865907.1865908},
	issn         = {1530-2180},
	url          = {http://dl.acm.org/ft\_gateway.cfm?id=1865908\&type=pdf}
}
@article{Cosma2008,
	title        = {Towards a Definition of Source-Code Plagiarism},
	author       = {Georgina Cosma and Mike Joy},
	year         = 2008,
	month        = 5,
	journal      = {IEEE Transactions on Education},
	publisher    = {Institute of Electrical and Electronics Engineers (IEEE)},
	volume       = 51,
	number       = 2,
	pages        = {195--200},
	doi          = {10.1109/te.2007.906776},
	issn         = {0018-9359}
}
@article{Camp2017,
	title        = {Generation CS: The Growth of Computer Science},
	author       = {Tracy Camp and W. Richards Adrion and Betsy Bizot and Susan Davidson and Mary Hall and Susanne Hambrusch and Ellen Walker and Stuart Zweben},
	year         = 2017,
	month        = 5,
	journal      = {ACM Inroads},
	publisher    = {Association for Computing Machinery (ACM)},
	address      = {New York, NY, USA},
	volume       = 8,
	number       = 2,
	pages        = {44--50},
	doi          = {10.1145/3084362},
	issn         = {2153-2184},
	hideurl      = {https://doi.org/10.1145/3084362},
	issue_date   = {June 2017},
	numpages     = 7
}
@inproceedings{Yan2018,
	title        = {TMOSS: Using Intermediate Assignment Work to Understand Excessive Collaboration in Large Classes},
	author       = {Lisa Yan and Nick McKeown and Mehran Sahami and Chris Piech},
	year         = 2018,
	month        = 2,
	journal      = {Technical Symposium on Computer Science Education},
	booktitle    = {Proceedings of the 49th ACM Technical Symposium on Computer Science Education},
	location     = {Baltimore, Maryland, USA},
	publisher    = {ACM},
	address      = {New York, NY, USA},
	series       = {SIGCSE '18},
	pages        = {110–115},
	doi          = {10.1145/3159450.3159490},
	isbn         = 9781450351034,
	editor       = {Barnes, Tiffany and Garcia, Daniel D. and Hawthorne, Elizabeth K. and P\'{e}rez-Qui\~{n}ones, Manuel A.},
	hideurl      = {https://doi.org/10.1145/3159450.3159490},
	keywords     = {programming courses, teaching at scale, plagiarism detection, student performance, undergraduate courses},
	numpages     = 6
}
@article{Ottenstein1976,
	title        = {An Algorithmic Approach to the Detection and Prevention of Plagiarism},
	author       = {K. J. Ottenstein},
	year         = 1976,
	month        = 12,
	journal      = {ACM SIGCSE Bulletin},
	publisher    = {Association for Computing Machinery (ACM)},
	address      = {New York, NY, USA},
	volume       = 8,
	number       = 4,
	pages        = {30--41},
	doi          = {10.1145/382222.382462},
	issn         = {0097-8418},
	url          = {https://dl.acm.org/doi/pdf/10.1145/382222.382462},
	hideurl      = {https://doi.org/10.1145/382222.382462},
	issue_date   = {Dec. 1976},
	numpages     = 12
}
@inproceedings{Ciccozzi2018,
	title        = {How Do We Teach Modelling and Model-Driven Engineering? A Survey},
	author       = {Federico Ciccozzi and Michalis Famelis and Gerti Kappel and Leen Lambers and Sebastien Mosser and Richard F. Paige and Alfonso Pierantonio and Arend Rensink and Rick Salay and Gabi Taentzer and Antonio Vallecillo and Manuel Wimmer},
	year         = 2018,
	month        = 10,
	journal      = {ACM/IEEE International Conference on Model Driven Engineering Languages and Systems},
	booktitle    = {Proceedings of the 21st ACM/IEEE International Conference on Model Driven Engineering Languages and Systems: Companion Proceedings},
	location     = {Copenhagen, Denmark},
	publisher    = {ACM},
	address      = {New York, NY, USA},
	series       = {MODELS '18},
	pages        = {122–129},
	doi          = {10.1145/3270112.3270129},
	isbn         = 9781450359658,
	url          = {https://research.utwente.nl/files/248000084/Ciccozzi2018how.pdf},
	editor       = {Babur, \"{O}nder and 0001, Daniel Str\"{u}ber and Abrah\~{a}o, Silvia and Burgue\~{n}o, Loli and Gogolla, Martin and Greenyer, Joel and Kokaly, Sahar and Kolovos, Dimitris S. and Mayerhofer, Tanja and Zahedi, Mansooreh},
	hideurl      = {https://doi.org/10.1145/3270112.3270129},
	keywords     = {education, model-driven engineering, modelling},
	numpages     = 8
}
@article{Joy1999,
	title        = {Plagiarism in programming assignments},
	author       = {Joy, Mike and Luck, Micheal},
	year         = 1999,
	month        = 5,
	journal      = {IEEE Transactions on Education},
	publisher    = {Institute of Electrical and Electronics Engineers (IEEE)},
	volume       = 42,
	number       = 2,
	pages        = {129--133},
	doi          = {10.1109/13.762946},
	issn         = {0018-9359},
	url          = {http://wrap.warwick.ac.uk/61058/7/WRAP\_cs-rr-345.pdf}
}
@inproceedings{Nichols2019,
	title        = {Syntax-Based Improvements to Plagiarism Detectors and Their Evaluations},
	author       = {Lawton Nichols and Kyle Dewey and Mehmet Emre and Sitao Chen and Ben Hardekopf},
	year         = 2019,
	month        = 7,
	journal      = {Annual Conference on Innovation and Technology in Computer Science Education},
	booktitle    = {Proceedings of the 2019 ACM Conference on Innovation and Technology in Computer Science Education},
	location     = {Aberdeen, Scotland Uk},
	publisher    = {ACM},
	address      = {New York, NY, USA},
	series       = {ITiCSE '19},
	pages        = {555–561},
	doi          = {10.1145/3304221.3319789},
	isbn         = 9781450368957,
	url          = {https://dl.acm.org/doi/pdf/10.1145/3304221.3319789},
	editor       = {Scharlau, Bruce and McDermott, Roger and Pears, Arnold and Sabin, Mihaela},
	hideurl      = {https://doi.org/10.1145/3304221.3319789},
	keywords     = {plagiarism detection, software plagiarism},
	numpages     = 7
}
@book{EMF_Book,
	title        = {EMF: Eclipse Modeling Framework 2.0},
	author       = {Steinberg, David and Budinsky, Frank and Paternostro, Marcelo and Merks, Ed},
	year         = 2009,
	month        = 12,
	isbn         = {0321331885},
	edition      = {2nd},
	publisher.   = {Addison-Wesley Professional}
}
@article{weber2012,
	title        = {Collusion detection system test report 2012},
	author       = {Weber-Wulff, Debora and K\"{o}hler, Katrin and M\"{o}ller, Christopher},
	year         = 2012,
	journal      = {Hochschule f\"{u}r Technik und Wirtchaft, Berlin, Tech. Rep},
	url          = {https://plagiat.htw-berlin.de/collusion-test-2012/},
	note         = {Technical Report}
}
@book{reussner2016a,
	title        = {Modeling and Simulating Software Architectures -- The Palladio Approach},
	author       = {Reussner, Ralf H. and Becker, Steffen and Happe, Jens and Heinrich, Robert and Koziolek, Anne and Koziolek, Heiko and Kramer, Max and Krogmann, Klaus},
	year         = 2016,
	month        = 10,
	publisher    = {MIT Press},
	address      = {Cambridge, MA},
	isbn         = 9780262034760,
	url          = {https://openlibrary.org/books/OL28608189M/Modeling_and_Simulating_Software_Architectures},
	pagetotal    = 408,
	tags         = {book}
}
@article{becker2008a,
	title        = {The Palladio component model for model-driven performance prediction},
	author       = {Steffen Becker and Heiko Koziolek and Ralf Reussner},
	year         = 2009,
	month        = 1,
	journal      = {Journal of Systems and Software},
	publisher    = {Elsevier BV},
	volume       = 82,
	pages        = {3--22},
	doi          = {10.1016/j.jss.2008.03.066},
	issn         = {0164-1212}
}
@article{Faidhi1987,
	title        = {An Empirical Approach for Detecting Program Similarity and Plagiarism within a University Programming Environment},
	author       = {J.A.W. Faidhi and S.K. Robinson},
	year         = 1987,
	month        = 1,
	journal      = {Computers \& Education},
	publisher    = {Elsevier BV},
	address      = {GBR},
	volume       = 11,
	number       = 1,
	pages        = {11–19},
	doi          = {10.1016/0360-1315(87)90042-x},
	issn         = {0360-1315},
	hideurl      = {https://doi.org/10.1016/0360-1315(87)90042-X},
	issue_date   = {Jan. 1987},
	numpages     = 9
}
@inproceedings{Shobha2021review,
	title        = {Code Clone Detection---A Systematic Review},
	author       = {Shobha, G. and Rana, Ajay and Kansal, Vineet and Tanwar, Sarvesh},
	year         = 2021,
	journal      = {Advances in Intelligent Systems and Computing},
	booktitle    = {Emerging Technologies in Data Mining and Information Security},
	publisher    = {Springer Nature Singapore},
	address      = {Singapore},
	pages        = {645--655},
	doi          = {https://doi.org/10.1007/978-981-33-4367-2\_61},
	isbn         = {978-981-33-4367-2},
	issn         = {2194-5357},
	editor       = {Hassanien, Aboul Ella and Bhattacharyya, Siddhartha and Chakrabati, Satyajit and Bhattacharya, Abhishek and Dutta, Soumi}
}
@article{Basili1984,
	title        = {A Methodology for Collecting Valid Software Engineering Data},
	author       = {Basili, Victor R. and Weiss, David M.},
	year         = 1984,
	month        = 11,
	journal      = {IEEE Transactions on Software Engineering},
	publisher    = {Institute of Electrical and Electronics Engineers (IEEE)},
	volume       = {SE-10},
	number       = 6,
	pages        = {728--738},
	doi          = {10.1109/TSE.1984.5010301},
	issn         = {0098-5589},
	url          = {https://drum.lib.umd.edu/bitstreams/797fb110-fac8-4a38-bf3f-b17d3269ebcc/download}
}
@techreport{Basili1992,
	title        = {Software Modeling and Measurement: The Goal/Question/Metric Paradigm},
	author       = {Basili, Victor R.},
	year         = 1992,
	month        = 9,
	publisher    = {University of Maryland at College Park},
	address      = {USA}
}
@inproceedings{Saglam2022,
	title        = {Token-Based Plagiarism Detection for Metamodels},
	author       = {Sa\u{g}lam, Timur and Hahner, Sebastian and Wittler, Jan Willem and K\"{u}hn, Thomas},
	year         = 2022,
	month        = 10,
	journal      = {ACM/IEEE International Conference on Model Driven Engineering Languages and Systems},
	booktitle    = {Proceedings of the 25th International Conference on Model Driven Engineering Languages and Systems: Companion Proceedings},
	location     = {Montreal, Quebec, Canada},
	publisher    = {ACM},
	address      = {New York, NY, USA},
	series       = {MODELS '22},
	pages        = {138–141},
	doi          = {10.1145/3550356.3556508},
	isbn         = 9781450394673,
	editor       = {0001, Thomas K\"{u}hn and Sousa, Vasco},
	hideurl      = {https://doi.org/10.1145/3550356.3556508},
	keywords     = {token-based plagiarism detection, plagiarism detection, JPlag, metamodel similarity, obfuscation attacks, education, metamodeling},
	numpages     = 4
}
@book{Wohlin2012,
	title        = {Experimentation in Software Engineering},
	author       = {Claes Wohlin and Per Runeson and Martin H\"{o}st and Magnus C. Ohlsson and Bj\"{o}rn Regnell and Anders Wessl\'{e}n},
	year         = 2012,
	month        = 6,
	booktitle    = {Springer Berlin Heidelberg},
	publisher    = {Springer Berlin Heidelberg},
	address      = {Berlin, Heidelberg},
	pages        = {I-XXIII, 1--236},
	doi          = {10.1007/978-3-642-29044-2},
	isbn         = {978-3-642-29043-5},
	url          = {https://link.springer.com/content/pdf/bfm:978-3-642-29044-2/1?pdf=chapter\%20toc},
	hideurl      = {https://doi.org/10.1007/978-3-642-29044-2}
}
@article{Bezevin2005,
	title        = {On the unification power of models},
	author       = {Jean B\'{e}zivin},
	year         = 2005,
	month        = 5,
	journal      = {Software and Systems Modeling},
	publisher    = {Springer Science and Business Media LLC},
	volume       = 4,
	number       = 2,
	pages        = {171--188},
	doi          = {10.1007/s10270-005-0079-0},
	issn         = {1619-1366}
}
@inproceedings{Kuhne2005,
	title        = {What is a Model?},
	author       = {K\"{u}hne, Thomas},
	year         = 2005,
	month        = 3,
	journal      = {Language Engineering for Model-Driven Software Development},
	booktitle    = {Language Engineering for Model-Driven Software Development},
	publisher    = {Cambridge University Press},
	address      = {Dagstuhl, Germany},
	series       = {Dagstuhl Seminar Proceedings (DagSemProc)},
	volume       = 4101,
	pages        = {1--10},
	doi          = {10.4230/DagSemProc.04101.15},
	isbn         = 9781108662963,
	issn         = {1862-4405},
	url          = {http://drops.dagstuhl.de/opus/volltexte/2005/23},
	editor       = {Jean Bezivin and Reiko Heckel},
	hideurl      = {https://drops.dagstuhl.de/opus/volltexte/2005/23},
	urn          = {urn:nbn:de:0030-drops-237}
}
@inproceedings{Ng2001,
	title        = {On Spectral Clustering: Analysis and an Algorithm},
	author       = {Ng, Andrew Y. and Jordan, Michael I. and Weiss, Yair},
	year         = 2001,
	month        = 1,
	journal      = {Neural Information Processing Systems},
	booktitle    = {Proceedings of the 14th International Conference on Neural Information Processing Systems: Natural and Synthetic},
	location     = {Vancouver, British Columbia, Canada},
	publisher    = {MIT Press},
	address      = {Cambridge, MA, USA},
	series       = {NIPS'01},
	volume       = 14,
	pages        = {849–856},
	doi          = {10.5555/2980539.2980649},
	url          = {https://proceedings.neurips.cc/paper/2001/hash/801272ee79cfde7fa5960571fee36b9b-Abstract.html},
	editor       = {T. Dietterich and S. Becker and Z. Ghahramani},
	numpages     = 8
}
@online{Emfatic,
	title        = {Eclipse Emfatic},
	author       = {Chris Daly},
	year         = 2004,
	url          = {https://www.eclipse.org/emfatic/},
	urldate      = {2024-01-12},
	organization = {Eclipse Foundation}
}
@inproceedings{Le2013,
	title        = {Educating Computer Programming Students about Plagiarism through Use of a Code Similarity Detection Tool},
	author       = {Le, Tri and Carbone, Angela and Sheard, Judy and Schuhmacher, Margot and de Raath, Michael and Johnson, Chris},
	year         = 2013,
	month        = 3,
	journal      = {Learning and Teaching in Computing and Engineering},
	booktitle    = {2013 Learning and Teaching in Computing and Engineering},
	publisher    = {IEEE},
	pages        = {98--105},
	doi          = {10.1109/LaTiCE.2013.37}
}
@article{ChatGPTGuide,
	title        = {Unlocking the power of generative AI models and systems such as GPT-4 and ChatGPT for higher education},
	author       = {Gimpel, Henner and Hall, Kristina and Decker, Stefan and Eymann, Torsten and L\"{a}mmermann, Luis and M\"{a}dche, Alexander and R\"{o}glinger, Maximilian and Ruiner, Caroline and Schoch, Manfred and Schoop, Mareike and Urbach, Nils and Vandrik, Steffen},
	year         = 2023,
	month        = 3,
	series       = {Hohenheim discussion papers in business, economics and social sciences},
	url          = {http://opus.uni-hohenheim.de/volltexte/2023/2146/},
	school       = {Universität Hohenheim}
}
@article{Khalil_Er_2023,
	title        = {Will ChatGPT get you caught? Rethinking of Plagiarism Detection},
	author       = {Khalil, Mohammad and Er, Erkan},
	year         = 2023,
	month        = 2,
	journal      = {Interacci\'{o}n},
	booktitle    = {Lecture Notes in Computer Science},
	publisher    = {Springer Nature Switzerland},
	volume       = 14040,
	pages        = {475--487},
	doi          = {10.48550/arXiv.2302.04335},
	isbn         = 9783031344107,
	issn         = {0302-9743},
	url          = {http://arxiv.org/pdf/2302.04335},
	note         = {10.48550/arXiv.2302.04335},
	editor       = {Zaphiris, Panayiotis and Ioannou, Andri},
	hideurl      = {http://arxiv.org/abs/2302.04335}
}
@online{ChatGPT,
	title        = {Introducing ChatGPT},
	author       = {OpenAI},
	url          = {https://openai.com/blog/chatgpt},
	urldate      = {2024-04-12},
	language     = {en-US}
}
@online{AIClassifier,
	title        = {New AI classifier for indicating AI-written text},
	author       = {OpenAI},
	url          = {https://openai.com/blog/new-ai-classifier-for-indicating-ai-written-text},
	urldate      = {2024-11-06},
	note         = {Accessed: 2023-04-12},
	language     = {en-US}
}
@inproceedings{Konersmann2022,
	title        = {Evaluation Methods and Replicability of Software Architecture Research Objects},
	author       = {Konersmann, Marco and Kaplan, Angelika and K\"{u}hn, Thomas and Heinrich, Robert and Koziolek, Anne and Reussner, Ralf and J\"{u}rjens, Jan and al-Doori, Mahmood and Boltz, Nicolas and Ehl, Marco and Fuchs, Dominik and Groser, Katharina and Hahner, Sebastian and Keim, Jan and Lohr, Matthias and Sa\u{g}lam, Timur and Schulz, Sophie and T\"{o}berg, Jan-Philipp},
	year         = 2022,
	month        = 3,
	journal      = {International Conference on Software Architecture},
	booktitle    = {2022 IEEE 19th International Conference on Software Architecture (ICSA)},
	publisher    = {IEEE},
	pages        = {157–168},
	doi          = {10.1109/ICSA53651.2022.00023}
}
@online{MOF2016a,
	title        = {Meta Object Facility (MOF) Core Specification},
	author       = {{Object Management Group (OMG)}},
	year         = 2016,
	url          = {https://www.omg.org/spec/MOF},
	urldate      = {2024-11-07},
	note         = {Version 2.5.1}
}
@article{Park2003,
	title        = {In Other (People's) Words: Plagiarism by university students--literature and lessons},
	author       = {Chris Park},
	year         = 2003,
	month        = 10,
	journal      = {Assessment \& Evaluation in Higher Education},
	publisher    = {Informa UK Limited},
	volume       = 28,
	number       = 5,
	pages        = {471--488},
	doi          = {10.1080/02602930301677},
	issn         = {0260-2938}
}
@inproceedings{Maoz2011,
	title        = {A Manifesto for Semantic Model Differencing},
	author       = {Maoz, Shahar and Ringert, Jan Oliver and Rumpe, Bernhard},
	year         = 2011,
	month        = 9,
	journal      = {ACM/IEEE International Conference on Model Driven Engineering Languages and Systems},
	booktitle    = {Models in Software Engineering},
	publisher    = {Springer Berlin Heidelberg},
	address      = {Berlin, Heidelberg},
	volume       = 6627,
	pages        = {194--203},
	doi          = {10.1007/978-3-642-21210-9\_19},
	isbn         = {978-3-642-21210-9},
	issn         = {0302-9743},
	url          = {http://arxiv.org/pdf/1409.2485},
	editor       = {Dingel, Juergen and Solberg, Arnor}
}
@inproceedings{Kolovos2009,
	title        = {Different models for model matching: An analysis of approaches to support model differencing},
	shorttitle   = {Different models for model matching},
	author       = {Kolovos, Dimitrios and Di Ruscio, Davide and Pierantonio, Alfonso and Paige, Richard},
	year         = 2009,
	month        = 5,
	journal      = {2009 ICSE Workshop on Comparison and Versioning of Software Models},
	booktitle    = {2009 ICSE Workshop on Comparison and Versioning of Software Models},
	publisher    = {IEEE},
	volume       = 1,
	pages        = {1--6},
	doi          = {10.1109/CVSM.2009.5071714},
	eventtitle   = {2009 ICSE Workshop on Comparison and Versioning of Software Models}
}
@inproceedings{Zadahmad2019,
	title        = {Domain-specific model differencing in visual concrete syntax},
	author       = {Zadahmad, Manouchehr and Syriani, Eugene and Alam, Omar and Guerra, Esther and de Lara, Juan},
	year         = 2019,
	month        = 10,
	journal      = {Software Language Engineering},
	booktitle    = {Proceedings of the 12th ACM SIGPLAN International Conference on Software Language Engineering  - SLE 2019},
	location     = {Athens, Greece},
	publisher    = {ACM},
	pages        = {100--112},
	doi          = {10.1145/3357766.3359537},
	isbn         = {978-1-4503-6981-7},
	editor       = {Nierstrasz, Oscar and Gray, Jeff and Oliveira, Bruno C. D. S.},
	eventtitle   = {the 12th ACM SIGPLAN International Conference},
	hideurl      = {http://dl.acm.org/citation.cfm?doid=3357766.3359537},
	langid       = {english}
}
@inproceedings{Brand2010,
	title        = {Generic Tool for Visualization of Model Differences},
	author       = {van den Brand, Mark and Proti\'{c}, Zvezdan and Verhoeff, Tom},
	year         = 2010,
	month        = 7,
	journal      = {IWMCP '10},
	booktitle    = {Proceedings of the 1st International Workshop on Model Comparison in Practice},
	location     = {Malaga, Spain},
	publisher    = {ACM},
	address      = {New York, NY, USA},
	series       = {IWMCP '10},
	pages        = {66–75},
	doi          = {10.1145/1826147.1826160},
	isbn         = 9781605589602,
	editor       = {Ruscio, Davide Di and Kolovos, Dimitris S.},
	hideurl      = {https://doi.org/10.1145/1826147.1826160},
	keywords     = {model differences visualization, model comparison, metamodeling},
	numpages     = 10
}
@inproceedings{Brand2010b,
	title        = {RCVDiff - a stand-alone tool for representation, calculation and visualization of model differences},
	author       = {Brand, van den, M.G.J. and Z. Protic and T. Verhoeff},
	year         = 2011,
	booktitle    = {ME 2010 - International Workshop on Models and Evolution, co-located with ACM/IEEE 13th International Conference on Model Driven Engineering Languages and Systems)},
	address      = {United States},
	language     = {English}
}
@article{BottoTobar2022,
	title        = {Cross-Language Plagiarism Detection: Methods, Tools, and Challenges: A Systematic Review},
	author       = {Botto Tobar, Miguel A. and van den Brand, Mark G.J. and Alexander Serebrenik},
	year         = 2022,
	month        = 5,
	day          = 20,
	journal      = {International Journal on Advanced Science, Engineering and Information Technology},
	publisher    = {Insight Society},
	volume       = 12,
	number       = 2,
	pages        = {589--599},
	doi          = {10.18517/ijaseit.12.2.14711},
	issn         = {2088-5334},
	url          = {http://www.insightsociety.org/ojaseit/index.php/ijaseit/article/download/14711/3294},
	keywords     = {Cross-language, Plagiarism detection, Slr, Snowballing},
	language     = {English}
}
@article{Hammad2022,
	title        = {Clone-Seeker: Effective Code Clone Search Using Annotations},
	author       = {Hammad, Muhammad and Babur, \"{O}nder and Basit, Hamid Abdul and Van Den Brand, Mark},
	year         = 2022,
	month        = 6,
	journal      = {IEEE Access},
	publisher    = {Institute of Electrical and Electronics Engineers (IEEE)},
	volume       = 10,
	pages        = {11696--11713},
	doi          = {10.1109/ACCESS.2022.3145686},
	issn         = {2169-3536},
	url          = {https://arxiv.org/pdf/2106.03042}
}
@article{Maertens2022,
	title        = {Dolos: Language-agnostic plagiarism detection in source code},
	author       = {Maertens, Rien and Van Petegem, Charlotte and Strijbol, Niko and Baeyens, Toon and Jacobs, Arne Carla and Dawyndt, Peter and Mesuere, Bart},
	year         = 2022,
	month        = 8,
	journal      = {Journal of Computer Assisted Learning},
	publisher    = {Wiley},
	volume       = 38,
	number       = 4,
	pages        = {1046--1061},
	doi          = {https://doi.org/10.1111/jcal.12662},
	issn         = {0266-4909},
	url          = {https://onlinelibrary.wiley.com/doi/abs/10.1111/jcal.12662},
	eprint       = {https://onlinelibrary.wiley.com/doi/pdf/10.1111/jcal.12662},
	keywords     = {academic dishonesty, cheating, data visualization, online learning, plagiarism, programming language, remote assessment, source code}
}
@article{Anders2023,
	title        = {Is using ChatGPT cheating, plagiarism, both, neither, or forward thinking?},
	author       = {Brent A. Anders},
	year         = 2023,
	month        = 3,
	journal      = {Patterns},
	publisher    = {Elsevier BV},
	volume       = 4,
	number       = 3,
	pages        = 100694,
	doi          = {https://doi.org/10.1016/j.patter.2023.100694},
	issn         = {2666-3899},
	url          = {https://www.sciencedirect.com/science/article/pii/S2666389923000259}
}
@inproceedings{Biderman2022,
	title        = {Fooling MOSS Detection with Pretrained Language Models},
	author       = {Biderman, Stella and Raff, Edward},
	year         = 2022,
	month        = 10,
	journal      = {International Conference on Information and Knowledge Management},
	booktitle    = {Proceedings of the 31st ACM International Conference on Information \& Knowledge Management},
	location     = {Atlanta, GA, USA},
	publisher    = {Association for Computing Machinery},
	address      = {New York, NY, USA},
	series       = {CIKM '22},
	pages        = {2933–2943},
	doi          = {10.1145/3511808.3557079},
	isbn         = 9781450392365,
	url          = {https://doi.org/10.1145/3511808.3557079},
	editor       = {Hasan, Mohammad Al and 0001, Li Xiong},
	keywords     = {language models, education technology, multimodal transformers, open source software},
	numpages     = 11
}
@inproceedings{Aniceto2021,
	title        = {Source Code Plagiarism Detection in an Educational Context: A Literature Mapping},
	author       = {Aniceto, Rodrigo C and Holanda, Maristela and Castanho, Carla and Da Silva, Dilma},
	year         = 2021,
	month        = 10,
	journal      = {Frontiers in Education Conference},
	booktitle    = {2021 IEEE Frontiers in Education Conference (FIE)},
	publisher    = {IEEE},
	pages        = {1--9},
	doi          = {10.1109/FIE49875.2021.9637155}
}
@inproceedings{Kustanto2009,
	title        = {Automatic Source Code Plagiarism Detection},
	author       = {Kustanto, Cynthia and Liem, Inggriani},
	year         = 2009,
	month        = 5,
	journal      = {2009 10th ACIS International Conference on Software Engineering, Artificial Intelligences, Networking and Parallel/Distributed Computing},
	booktitle    = {2009 10th ACIS International Conference on Software Engineering, Artificial Intelligences, Networking and Parallel/Distributed Computing},
	publisher    = {IEEE},
	pages        = {481--486},
	doi          = {10.1109/SNPD.2009.62},
	editor       = {Kim, Haeng-Kon and Lee, Roger Y.}
}
@article{paiva2023,
	title        = {PROGpedia: Collection of source-code submitted to introductory programming assignments},
	author       = {Jos\'{e} Carlos Paiva and Jos\'{e} Paulo Leal and \'{A}lvaro Figueira},
	year         = 2023,
	month        = 2,
	journal      = {Data in Brief},
	publisher    = {Elsevier BV},
	volume       = 46,
	pages        = 108887,
	doi          = {https://doi.org/10.1016/j.dib.2023.108887},
	issn         = {2352-3409},
	url          = {https://www.sciencedirect.com/science/article/pii/S2352340923000057},
	keywords     = {Programming learning, Source code, Semantic representation, Automated assessment, Abstract Syntax Tree, Control-flow, Data-flow, Code Property Graph}
}
@inproceedings{McCreesh2020,
	title        = {The Glasgow Subgraph Solver: Using Constraint Programming to Tackle Hard Subgraph Isomorphism Problem Variants},
	author       = {McCreesh, Ciaran and Prosser, Patrick and Trimble, James},
	year         = 2020,
	month        = 5,
	journal      = {International Conference on Graph Transformation},
	booktitle    = {Graph Transformation},
	publisher    = {Springer International Publishing},
	address      = {Cham},
	volume       = 12150,
	pages        = {316--324},
	doi          = {10.1007/978-3-030-51372-6\_19},
	isbn         = {978-3-030-51372-6},
	issn         = {0302-9743},
	url          = {https://link.springer.com/content/pdf/10.1007\%2F978-3-030-51372-6\_19.pdf},
	editor       = {Gadducci, Fabio and Kehrer, Timo}
}
@article{Shang2008,
	title        = {Taming Verification Hardness: An Efficient Algorithm for Testing Subgraph Isomorphism},
	author       = {Shang, Haichuan and Zhang, Ying and Lin, Xuemin and Yu, Jeffrey Xu},
	year         = 2008,
	month        = 8,
	journal      = {Proc. VLDB Endow.},
	publisher    = {VLDB Endowment},
	volume       = 1,
	number       = 1,
	pages        = {364–375},
	doi          = {10.14778/1453856.1453899},
	issn         = {2150-8097},
	url          = {https://doi.org/10.14778/1453856.1453899},
	issue_date   = {August 2008},
	numpages     = 12
}
@article{Lubiw1981,
	title        = {Some NP-Complete Problems Similar to Graph Isomorphism},
	author       = {Lubiw, Anna},
	year         = 1981,
	month        = 2,
	journal      = {SIAM Journal on Computing},
	publisher    = {Society for Industrial \& Applied Mathematics (SIAM)},
	volume       = 10,
	number       = 1,
	pages        = {11--21},
	doi          = {10.1137/0210002},
	issn         = {0097-5397},
	url          = {https://doi.org/10.1137/0210002},
	eprint       = {https://doi.org/10.1137/0210002}
}
@inproceedings{Cheers2020,
	title        = {A Novel Graph-Based Program Representation for Java Code Plagiarism Detection},
	author       = {Cheers, Hayden and Lin, Yuqing},
	year         = 2020,
	month        = 1,
	journal      = {International Conferences on Software Engineering and Information Management},
	booktitle    = {Proceedings of the 3rd International Conference on Software Engineering and Information Management},
	location     = {Sydney, NSW, Australia},
	publisher    = {Association for Computing Machinery},
	address      = {New York, NY, USA},
	series       = {ICSIM '20},
	pages        = {115–122},
	doi          = {10.1145/3378936.3378960},
	isbn         = 9781450376907,
	url          = {https://doi.org/10.1145/3378936.3378960},
	keywords     = {Source code plagiarism detection, Dependency graph, Program similarity, Program representation},
	numpages     = 8
}
@inproceedings{liu2006,
	title        = {GPLAG: Detection of Software Plagiarism by Program Dependence Graph Analysis},
	author       = {Liu, Chao and Chen, Chen and Han, Jiawei and Yu, Philip S.},
	year         = 2006,
	month        = 8,
	journal      = {Knowledge Discovery and Data Mining},
	booktitle    = {Proceedings of the 12th ACM SIGKDD International Conference on Knowledge Discovery and Data Mining},
	location     = {Philadelphia, PA, USA},
	publisher    = {Association for Computing Machinery},
	address      = {New York, NY, USA},
	series       = {KDD '06},
	pages        = {872--881},
	doi          = {10.1145/1150402.1150522},
	isbn         = 1595933395,
	url          = {https://doi.org/10.1145/1150402.1150522},
	editor       = {Eliassi-Rad, Tina and Ungar, Lyle H. and Craven, Mark and Gunopulos, Dimitrios},
	keywords     = {software plagiarism detection, graph mining, program dependence graph},
	numpages     = 10
}
@article{ferrante1987,
	title        = {The Program Dependence Graph and Its Use in Optimization},
	author       = {Ferrante, Jeanne and Ottenstein, Karl J. and Warren, Joe D.},
	year         = 1987,
	month        = 7,
	journal      = {ACM Trans. Program. Lang. Syst.},
	publisher    = {Association for Computing Machinery},
	address      = {New York, NY, USA},
	volume       = 9,
	number       = 3,
	pages        = {319--349},
	doi          = {10.1145/24039.24041},
	issn         = {0164-0925},
	url          = {https://doi.org/10.1145/24039.24041},
	issue_date   = {July 1987},
	keywords     = {program dependence graph},
	numpages     = 31
}
@phdthesis{krieg2022,
	title        = {Preventing Code Insertion Attacks on Token-Based Software Plagiarism Detectors},
	author       = {Krieg, Pascal},
	year         = 2022,
	month        = 9,
	location     = {Karlsruhe, Germany},
	publisher    = {Karlsruher Institut f\"{u}r Technologie (KIT)},
	doi          = {10.5445/IR/1000154301},
	language     = {english},
	pagetotal    = 51,
	school       = {Karlsruhe Institute of Technology},
	type         = {Bachelor's Thesis}
}
@phdthesis{Heneka2023,
	title        = {Software Plagiarism Detection on Intermediate Representation},
	author       = {Heneka, Niklas Rainer},
	year         = 2023,
	month        = 11,
	publisher    = {Karlsruher Institut f\"{u}r Technologie (KIT)},
	volume       = 57,
	doi          = {10.5445/IR/1000168422},
	language     = {english},
	school       = {Karlsruhe Institute of Technology},
	type         = {Bachelor's Thesis}
}
@thesis{Strittmatter2023,
	title        = {Token-based Plagiarism Detection for Statecharts},
	author       = {Strittmatter, Jonas},
	year         = 2023,
	month        = 4,
	publisher    = {Karlsruher Institut f\"{u}r Technologie (KIT)},
	doi          = {10.5445/IR/1000165276},
	language     = {english},
	school       = {Karlsruhe Institute of Technology},
	type         = {Abschlussarbeit - Bachelor}
}
@online{SCXML,
	title        = {State {{Chart XML}} ({{SCXML}}): {{State Machine Notation}} for {{Control Abstraction}}},
	url          = {https://www.w3.org/TR/scxml/},
	urldate      = {2024-07-05}
}
@article{cheers2021,
	title        = {Academic Source Code Plagiarism Detection by Measuring Program Behavioral Similarity},
	author       = {Cheers, Hayden and Lin, Yuqing and Smith, Shamus P.},
	year         = 2021,
	month        = 2,
	journal      = {IEEE Access},
	publisher    = {Institute of Electrical and Electronics Engineers (IEEE)},
	volume       = 9,
	pages        = {50391--50412},
	doi          = {10.1109/ACCESS.2021.3069367},
	issn         = {2169-3536},
	url          = {https://ieeexplore.ieee.org/ielx7/6287639/9312710/09388651.pdf}
}
@inproceedings{chae2013,
	title        = {Software Plagiarism Detection: A Graph-Based Approach},
	author       = {Chae, Dong-Kyu and Ha, Jiwoon and Kim, Sang-Wook and Kang, BooJoong and Im, Eul Gyu},
	year         = 2013,
	month        = 10,
	journal      = {International Conference on Information and Knowledge Management},
	booktitle    = {Proceedings of the 22nd ACM International Conference on Information \& Knowledge Management},
	location     = {San Francisco, California, USA},
	publisher    = {Association for Computing Machinery},
	address      = {New York, NY, USA},
	series       = {CIKM '13},
	pages        = {1577--1580},
	doi          = {10.1145/2505515.2507848},
	isbn         = 9781450322638,
	url          = {https://doi.org/10.1145/2505515.2507848},
	editor       = {He, Qi and Iyengar, Arun and Nejdl, Wolfgang and Pei, Jian and Rastogi, Rajeev},
	keywords     = {software plagiarism, graph, similarity, binary analysis},
	numpages     = 4
}
@inproceedings{zhang2014,
	title        = {Program Logic Based Software Plagiarism Detection},
	author       = {Zhang, Fangfang and Wu, Dinghao and Liu, Peng and Zhu, Sencun},
	year         = 2014,
	month        = 11,
	journal      = {IEEE International Symposium on Software Reliability Engineering},
	booktitle    = {2014 IEEE 25th International Symposium on Software Reliability Engineering},
	publisher    = {IEEE},
	pages        = {66--77},
	doi          = {10.1109/ISSRE.2014.18},
	issn         = {2332-6549}
}
@inproceedings{juergens2009,
	title        = {Do Code Clones Matter?},
	author       = {Juergens, Elmar and Deissenboeck, Florian and Hummel, Benjamin and Wagner, Stefan},
	year         = 2009,
	month        = 1,
	journal      = {2009 IEEE 31st International Conference on Software Engineering},
	booktitle    = {Proceedings of the 31st International Conference on Software Engineering},
	publisher    = {IEEE Computer Society},
	address      = {USA},
	series       = {ICSE '09},
	pages        = {485--495},
	doi          = {10.1109/ICSE.2009.5070547},
	isbn         = 9781424434534,
	url          = {https://doi.org/10.1109/ICSE.2009.5070547},
	numpages     = 11
}
@inproceedings{wang2018,
	title        = {CCAligner: A Token Based Large-Gap Clone Detector},
	author       = {Wang, Pengcheng and Svajlenko, Jeffrey and Wu, Yanzhao and Xu, Yun and Roy, Chanchal K.},
	year         = 2018,
	month        = 5,
	journal      = {International Conference on Software Engineering},
	booktitle    = {2018 IEEE/ACM 40th International Conference on Software Engineering (ICSE)},
	publisher    = {ACM},
	pages        = {1066--1077},
	doi          = {10.1145/3180155.3180179},
	editor       = {Chaudron, Michel and Crnkovic, Ivica and Chechik, Marsha and Harman, Mark}
}
@inproceedings{white2016,
	title        = {Deep Learning Code Fragments for Code Clone Detection},
	author       = {White, Martin and Tufano, Michele and Vendome, Christopher and Poshyvanyk, Denys},
	year         = 2016,
	month        = 8,
	journal      = {International Conference on Automated Software Engineering},
	booktitle    = {Proceedings of the 31st IEEE/ACM International Conference on Automated Software Engineering},
	location     = {Singapore, Singapore},
	publisher    = {Association for Computing Machinery},
	address      = {New York, NY, USA},
	series       = {ASE 2016},
	pages        = {87--98},
	doi          = {10.1145/2970276.2970326},
	isbn         = 9781450338455,
	url          = {https://doi.org/10.1145/2970276.2970326},
	editor       = {Lo, David and Apel, Sven and Khurshid, Sarfraz},
	keywords     = {abstract syntax trees, code clone detection, deep learning, language models, machine learning, neural networks},
	numpages     = 12
}
@phdthesis{ly2017,
	title        = {Normalizer: Augmenting Code Clone Detectors Using Source Code Normalization},
	author       = {Ly, Kevin},
	year         = 2017,
	month        = 3,
	publisher    = {Robert E. Kennedy Library, Cal Poly},
	address      = {San Luis Obispo},
	doi          = {10.15368/theses.2017.21},
	url          = {https://digitalcommons.calpoly.edu/cgi/viewcontent.cgi?article=2928\&context=theses},
	keywords     = {program dependence graph},
	school       = {California Polytechnic State University}
}
@inproceedings{roy2008,
	title        = {NICAD: Accurate Detection of Near-Miss Intentional Clones Using Flexible Pretty-Printing and Code Normalization},
	author       = {Roy, Chanchal K. and Cordy, James R.},
	year         = 2008,
	month        = 6,
	journal      = {IEEE International Conference on Program Comprehension},
	booktitle    = {2008 16th IEEE International Conference on Program Comprehension},
	publisher    = {IEEE},
	pages        = {172--181},
	doi          = {10.1109/ICPC.2008.41},
	editor       = {Krikhaar, Ren\'{e} L. and L\"{a}mmel, Ralf and Verhoef, Chris}
}
@article{allyson2019,
	title        = {Sherlock N-overlap: Invasive Normalization and Overlap Coefficient for the Similarity Analysis Between Source Code},
	author       = {Allyson, Fran\c{c}a B. and Danilo, Maciel L. and Jos\'{e}, Soares M. and Giovanni, Barroso C.},
	year         = 2019,
	month        = 5,
	journal      = {IEEE Transactions on Computers},
	publisher    = {Institute of Electrical and Electronics Engineers (IEEE)},
	volume       = 68,
	number       = 5,
	pages        = {740--751},
	doi          = {10.1109/TC.2018.2881449},
	issn         = {0018-9340}
}
@inproceedings{wang2008,
	title        = {Program Normalization for Removing Code Variations},
	author       = {Wang, Tiantian and Su, Xiaohong and Ma, Peijun},
	year         = 2008,
	month        = 12,
	booktitle    = {2008 International Conference on Computer Science and Software Engineering},
	publisher    = {IEEE},
	volume       = 2,
	pages        = {306--309},
	doi          = {10.1109/CSSE.2008.957}
}
@article{bruschi2007,
	title        = {Code Normalization for Self-Mutating Malware},
	author       = {Bruschi, Danilo and Martignoni, Lorenzo and Monga, Mattia},
	year         = 2007,
	month        = 3,
	journal      = {IEEE Security \& Privacy},
	publisher    = {Institute of Electrical and Electronics Engineers (IEEE)},
	volume       = 5,
	number       = 2,
	pages        = {46--54},
	doi          = {10.1109/MSP.2007.31},
	issn         = {1540-7993}
}
@article{kahn1962,
	title        = {Topological Sorting of Large Networks},
	author       = {Kahn, A. B.},
	year         = 1962,
	month        = 11,
	journal      = {Commun. ACM},
	publisher    = {Association for Computing Machinery},
	address      = {New York, NY, USA},
	volume       = 5,
	number       = 11,
	pages        = {558--562},
	doi          = {10.1145/368996.369025},
	issn         = {0001-0782},
	url          = {https://doi.org/10.1145/368996.369025},
	issue_date   = {Nov. 1962},
	numpages     = 5
}
@online{bplag-github,
	title        = {BPlag},
	author       = {Cheers, Hayden},
	year         = 2020,
	month        = 10,
	url          = {https://github.com/hjc851/BPlag},
	urldate      = {2023-04-05},
	note         = {GitHub Repository}
}
@article{mariani2012,
	title        = {AuDeNTES: Automatic Detection of TeNtative Plagiarism According to a REference Solution},
	author       = {Mariani, Leonardo and Micucci, Daniela},
	year         = 2012,
	month        = 3,
	journal      = {ACM Trans. Comput. Educ.},
	publisher    = {Association for Computing Machinery},
	address      = {New York, NY, USA},
	volume       = 12,
	number       = 1,
	pages        = {1--26},
	doi          = {10.1145/2133797.2133799},
	issn         = {1946-6226},
	url          = {https://doi.org/10.1145/2133797.2133799},
	articleno    = 2,
	issue_date   = {March 2012},
	keywords     = {software plagiarism, Plagiarism detection, token-based analysis, clone detection},
	numpages     = 26
}
@article{Sutton2014,
	title        = {A model for exploring student understandings of plagiarism},
	author       = {Anna Sutton and David Taylor and Carol Johnston},
	year         = 2014,
	month        = 1,
	journal      = {Journal of Further and Higher Education},
	publisher    = {Routledge},
	volume       = 38,
	number       = 1,
	pages        = {129--146},
	doi          = {10.1080/0309877X.2012.706807},
	issn         = {0309-877X},
	url          = {https://doi.org/10.1080/0309877X.2012.706807},
	eprint       = {https://doi.org/10.1080/0309877X.2012.706807}
}
@inproceedings{Glanz2017,
	title        = {CodeMatch: Obfuscation Won't Conceal Your Repackaged App},
	author       = {Glanz, Leonid and Amann, Sven and Eichberg, Michael and Reif, Michael and Hermann, Ben and Lerch, Johannes and Mezini, Mira},
	year         = 2017,
	month        = 8,
	journal      = {ESEC/SIGSOFT FSE},
	booktitle    = {Proceedings of the 2017 11th Joint Meeting on Foundations of Software Engineering},
	location     = {Paderborn, Germany},
	publisher    = {Association for Computing Machinery},
	address      = {New York, NY, USA},
	series       = {ESEC/FSE 2017},
	pages        = {638–648},
	doi          = {10.1145/3106237.3106305},
	isbn         = 9781450351058,
	url          = {https://doi.org/10.1145/3106237.3106305},
	editor       = {Bodden, Eric and Sch\"{a}fer, Wilhelm and van Deursen, Arie and Zisman, Andrea},
	keywords     = {repackage detection, library detection, obfuscation, code analysis},
	numpages     = 11
}
@inproceedings{Yamaguchi2014,
	title        = {Modeling and Discovering Vulnerabilities with Code Property Graphs},
	author       = {Yamaguchi, Fabian and Golde, Nico and Arp, Daniel and Rieck, Konrad},
	year         = 2014,
	month        = 5,
	journal      = {IEEE Symposium on Security and Privacy},
	booktitle    = {2014 IEEE Symposium on Security and Privacy},
	publisher    = {IEEE},
	pages        = {590--604},
	doi          = {10.1109/SP.2014.44},
	url          = {http://user.informatik.uni-goettingen.de/\%7Ekrieck/docs/2014-ieeesp.pdf}
}
@inproceedings{Saglam2023,
	title        = {How Students Plagiarize Modeling Assignments},
	author       = {Sa\u{g}lam, Timur and Schmid, Larissa and Hahner, Sebastian and Burger, Erik},
	year         = 2023,
	month        = 10,
	journal      = {ACM/IEEE International Conference on Model Driven Engineering Languages and Systems},
	booktitle    = {2023 ACM/IEEE International Conference on Model Driven Engineering Languages and Systems Companion (MODELS-C)},
	location     = {V\"{a}ster\aa{}s, Sweden},
	publisher    = {IEEE},
	series       = {MODELS '23},
	pages        = {98--101},
	doi          = {10.1109/MODELS-C59198.2023.00032},
	numpages     = 4
}
@phdthesis{Broedel2023,
	title        = {Preventing Automatic Code Plagiarism Generation Through Token String Normalization},
	author       = {Br\"{o}del, Moritz},
	year         = 2023,
	publisher    = {Karlsruher Institut f\"{u}r Technologie (KIT)},
	doi          = {10.5445/IR/1000165371},
	language     = {english},
	school       = {Karlsruhe Institute of Technology (KIT)},
	type         = {bachelor's thesis}
}
@online{JPlag_GitHub,
	title        = {JPlag Github Repository},
	author       = {JPlag},
	year         = 2023,
	url          = {https://github.com/jplag/JPlag},
	urldate      = {2024-01-12},
	organization = {GitHub}
}
@inproceedings{Saglam2024a,
	title        = {Automated Detection of AI-Obfuscated Plagiarism in Modeling Assignments},
	author       = {Sa\u{g}lam, Timur and Hahner, Sebastian and Schmid, Larissa and Burger, Erik},
	year         = 2024,
	month        = 4,
	journal      = {{SEET@ICSE}},
	booktitle    = {Proceedings of the 46th International Conference on Software Engineering: Software Engineering Education and Training},
	location     = {Lisbon, Portugal},
	publisher    = {Association for Computing Machinery},
	address      = {New York, NY, USA},
	series       = {ICSE-SEET '24},
	pages        = {297--308},
	doi          = {10.1145/3639474.3640084},
	isbn         = 9798400704987,
	url          = {https://dl.acm.org/doi/pdf/10.1145/3639474.3640084},
	numpages     = 12
}
@inproceedings{Saglam2024b,
	title        = {Detecting Automatic Software Plagiarism via Token Sequence Normalization},
	author       = {Sa\u{g}lam, Timur and Br\"{o}del, Moritz and Schmid, Larissa and Hahner, Sebastian},
	year         = 2024,
	month        = 4,
	journal      = {International Conference on Software Engineering},
	booktitle    = {Proceedings of the IEEE/ACM 46th International Conference on Software Engineering},
	location     = {Lisbon, Portugal},
	publisher    = {Association for Computing Machinery},
	address      = {New York, NY, USA},
	series       = {ICSE '24},
	pages        = {113:1--113:13},
	doi          = {10.1145/3597503.3639192},
	isbn         = 9798400702174,
	url          = {https://doi.org/10.1145/3597503.3639192},
	articleno    = 113,
	numpages     = 13
}
@misc{Ljubovic2020b,
	title        = {Programming Homework Dataset for Plagiarism Detection},
	author       = {Ljubovic, Vedran},
	year         = 2020,
	publisher    = {IEEE Dataport},
	doi          = {10.21227/71fw-ss32},
	url          = {https://dx.doi.org/10.21227/71fw-ss32},
	note         = {Dataset}
}
@article{Ljubovic2020a,
	title        = {Plagiarism Detection in Computer Programming Using Feature Extraction From Ultra-Fine-Grained Repositories},
	author       = {Ljubovic, Vedran and Pajic, Enil},
	year         = 2020,
	journal      = {IEEE Access},
	publisher    = {Institute of Electrical and Electronics Engineers (IEEE)},
	volume       = 8,
	pages        = {96505--96514},
	doi          = {10.1109/ACCESS.2020.2996146},
	issn         = {2169-3536},
	url          = {https://ieeexplore.ieee.org/ielx7/6287639/8948470/09097285.pdf}
}
@article{Yang2018,
	title        = {Indel detection from DNA and RNA sequencing data with transIndel},
	author       = {Yang, Rendong and Van Etten, Jamie L. and Dehm, Scott M.},
	year         = 2018,
	month        = 4,
	day          = 19,
	journal      = {BMC Genomics},
	publisher    = {Springer Science and Business Media LLC},
	volume       = 19,
	number       = 1,
	pages        = 270,
	doi          = {10.1186/s12864-018-4671-4},
	issn         = {1471-2164},
	url          = {https://doi.org/10.1186/s12864-018-4671-4}
}
@article{Needleman1970,
	title        = {A general method applicable to the search for similarities in the amino acid sequence of two proteins},
	author       = {Saul B. Needleman and Christian D. Wunsch},
	year         = 1970,
	month        = 3,
	journal      = {Journal of Molecular Biology},
	publisher    = {Elsevier BV},
	volume       = 48,
	number       = 3,
	pages        = {443--453},
	doi          = {https://doi.org/10.1016/0022-2836(70)90057-4},
	issn         = {0022-2836},
	url          = {https://www.sciencedirect.com/science/article/pii/0022283670900574}
}
@article{Dou2024,
	title        = {CC2Vec: Combining Typed Tokens with Contrastive Learning for Effective Code Clone Detection},
	author       = {Shihan Dou and Yueming Wu and Haoxiang Jia and Yuhao Zhou and Yan Liu and Yang Liu},
	year         = 2024,
	month        = 5,
	journal      = {Proceedings of the ACM on Software Engineering},
	publisher    = {Association for Computing Machinery (ACM)},
	volume       = 1,
	number       = {FSE},
	pages        = {1564--1584},
	doi          = {10.1145/3660777},
	issn         = {2994-970X},
	url          = {https://arxiv.org/pdf/2405.00428},
	eprint       = {2405.00428}
}
@inproceedings{Karnalim2020,
	title        = {Preprocessing for Source Code Similarity Detection in Introductory Programming},
	author       = {Karnalim, Oscar and Simon and Chivers, William},
	year         = 2020,
	month        = 11,
	journal      = {European Conference on Modelling and Simulation},
	booktitle    = {Proceedings of the 20th Koli Calling International Conference on Computing Education Research},
	location     = {Koli, Finland},
	publisher    = {Association for Computing Machinery},
	address      = {New York, NY, USA},
	series       = {Koli Calling '20},
	volume       = 36,
	pages        = {1--10},
	doi          = {10.1145/3428029.3428065},
	isbn         = 9781450389211,
	url          = {https://doi.org/10.1145/3428029.3428065},
	articleno    = 3,
	editor       = {Falkner, Nick and Sepp\"{a}l\"{a}, Otto},
	numpages     = 10
}
@phdthesis{Novak2020,
	title        = {Effect of source-code preprocessing techniques on plagiarism detection accuracy in student programming assignments},
	author       = {Novak, Matija},
	year         = 2020,
	month        = 2,
	school       = {University of Zagreb. Faculty of Organization and Informatics}
}
@inproceedings{Saglam2024c,
	title        = {Obfuscation-Resilient Software Plagiarism Detection with JPlag},
	author       = {Sa\u{g}lam, Timur and Hahner, Sebastian and Schmid, Larissa and Burger, Erik},
	year         = 2024,
	month        = 4,
	journal      = {ICSE Companion},
	booktitle    = {Proceedings of the 2024 IEEE/ACM 46th International Conference on Software Engineering: Companion Proceedings},
	location     = {Lisbon, Portugal},
	publisher    = {Institute of Electrical and Electronics Engineers (IEEE)},
	series       = {ICSE-Companion},
	volume       = 8,
	pages        = {264–265},
	doi          = {10.1145/3639478.3643074},
	isbn         = 9798400705021,
	url          = {https://doi.org/10.1145/3639478.3643074},
	eventdate    = {2024-04-14/2024-04-20},
	eventtitle   = {46th International Conference on Software Engineering},
	eventtitleaddon = {ICSE 2024},
	language     = {english},
	numpages     = 2,
	venue        = {Lisbon, Portugal}
}
@inproceedings{Daun2023,
	title        = {How ChatGPT Will Change Software Engineering Education},
	author       = {Daun, Marian and Brings, Jennifer},
	year         = 2023,
	month        = 6,
	journal      = {Annual Conference on Innovation and Technology in Computer Science Education},
	booktitle    = {Proceedings of the 2023 Conference on Innovation and Technology in Computer Science Education V. 1},
	location     = {Turku, Finland},
	publisher    = {Association for Computing Machinery},
	address      = {New York, NY, USA},
	series       = {ITiCSE 2023},
	pages        = {110–116},
	doi          = {10.1145/3587102.3588815},
	isbn         = {979-8-4007-0138-2},
	url          = {https://dl.acm.org/doi/pdf/10.1145/3587102.3588815},
	editor       = {Laakso, Mikko-Jussi and Monga, Mattia and Simon and Sheard, Judithe},
	keywords     = {software engineering education, ChatGPT, generative AI},
	numpages     = 7
}
@inproceedings{Foltynek2020,
	title        = {Detecting Machine-Obfuscated Plagiarism},
	author       = {Folt\'{y}nek, Tom\'{a}\v{s} and Ruas, Terry and Scharpf, Philipp and Meuschke, Norman and Schubotz, Moritz and Grosky, William and Gipp, Bela},
	year         = 2020,
	month        = 3,
	journal      = {iConference},
	booktitle    = {Sustainable Digital Communities},
	publisher    = {Springer International Publishing},
	address      = {Cham},
	volume       = 12051,
	pages        = {816--827},
	doi          = {10.1007/978-3-030-43687-2\_68},
	isbn         = {978-3-030-43687-2},
	issn         = {0302-9743},
	url          = {http://deepblue.lib.umich.edu/bitstream/2027.42/152346/1/Foltynek2020\_Paraphrase\_Detection.pdf},
	editor       = {Sundqvist, Anneli and Berget, Gerd and Nolin, Jan and Skjerdingstad, Kjell Ivar}
}
@article{Luo2017,
	title        = {Semantics-Based Obfuscation-Resilient Binary Code Similarity Comparison with Applications to Software and Algorithm Plagiarism Detection},
	author       = {Luo, Lannan and Ming, Jiang and Wu, Dinghao and Liu, Peng and Zhu, Sencun},
	year         = 2017,
	month        = 12,
	journal      = {IEEE Transactions on Software Engineering},
	publisher    = {Institute of Electrical and Electronics Engineers (IEEE)},
	volume       = 43,
	number       = 12,
	pages        = {1157--1177},
	doi          = {10.1109/TSE.2017.2655046},
	issn         = {0098-5589}
}
@article{Stytz2004,
	title        = {Considering defense in depth for software applications},
	author       = {Stytz, M.R.},
	year         = 2004,
	month        = 1,
	journal      = {IEEE Security \& Privacy},
	publisher    = {Institute of Electrical and Electronics Engineers (IEEE)},
	volume       = 2,
	number       = 1,
	pages        = {72--75},
	doi          = {10.1109/MSECP.2004.1264860},
	issn         = {1540-7993},
	keywords     = {Application software;Protection;Biosensors;Computer security;Privacy;Software performance;Visualization;Data analysis;Performance analysis;Computer architecture}
}
@inproceedings{Lippmann2006,
	title        = {Validating and Restoring Defense in Depth Using Attack Graphs},
	author       = {Lippmann, Richard and Ingols, Kyle and Scott, Chris and Piwowarski, Keith and Kratkiewicz, Kendra and Artz, Mike and Cunningham, Robert},
	year         = 2006,
	month        = 10,
	booktitle    = {MILCOM 2006 - 2006 IEEE Military Communications conference},
	publisher    = {IEEE},
	pages        = {1--10},
	doi          = {10.1109/MILCOM.2006.302434},
	keywords     = {Protection;Local area networks;SCADA systems;Laboratories;Process control;Internet;Planning;IP networks;Contracts;US Government}
}
@book{Anderson2020,
	title        = {Security Engineering: A Guide to Building Dependable Distributed Systems, Third Edition},
	author       = {Ross Anderson},
	year         = 2020,
	month        = 12,
	day          = 2,
	publisher    = {John Wiley \& Sons Inc.},
	address      = {United States},
	doi          = {10.1002/9781119644682},
	isbn         = 9781119642787,
	edition      = 3,
	language     = {English}
}
@article{Reason1990,
	title        = {The Contribution of Latent Human Failures to the Breakdown of Complex Systems},
	author       = {J. Reason},
	year         = 1990,
	month        = 7,
	journal      = {Philosophical Transactions of the Royal Society of London. Series B, Biological Sciences},
	booktitle    = {Human Error in Aviation},
	publisher    = {Royal Society},
	volume       = 327,
	number       = 1241,
	pages        = {475--484},
	doi          = {10.4324/9781315092898-2},
	isbn         = 9781315092898,
	issn         = {00804622},
	url          = {http://www.jstor.org/stable/55319},
	urldate      = {2024-06-03}
}
@article{Wittler2023,
	title        = {Evaluating Model Differencing for the Consistency Preservation of State-based Views},
	author       = {Wittler, Jan Willem and Sağlam, Timur and Kühn, Thomas},
	year         = 2023,
	month        = 7,
	journal      = {Journal of Object Technology},
	publisher    = {AITO - Association Internationale pour les Technologies Objets},
	volume       = 22,
	number       = 2,
	pages        = {2:1--14},
	doi          = {10.5381/jot.2023.22.2.a4},
	issn         = {1660-1769},
	url          = {http://www.jot.fm/contents/issue_2023_02/article4.html},
	note         = {The 19th European Conference on Modelling Foundations and Applications (ECMFA 2023)}
}
@dataset{Saglam2024b_supp,
	title        = {{Supplementary Material for "Detecting Automatic Software Plagiarism via Token Sequence Normalization"}},
	author       = {Sa\u{g}lam, Timur and Moritz, Brödel and Schmid, Larissa and Hahner, Sebastian},
	year         = 2023,
	month        = 12,
	journal      = {Zenodo (CERN European Organization for Nuclear Research)},
	publisher    = {Zenodo},
	doi          = {10.5281/zenodo.10430321},
	hideurl      = {https://doi.org/10.5281/zenodo.10430321},
	organization = {Zenodo}
}
@dataset{Saglam2024a_supp,
	title        = {Supplementary Material for "Automated Detection of AI-Obfuscated Plagiarism in Modeling Assignments"},
	author       = {Sağlam, Timur and Hahner, Sebastian and Schmid, Larissa and Burger, Erik},
	year         = 2023,
	month        = 12,
	journal      = {Zenodo (CERN European Organization for Nuclear Research)},
	publisher    = {Zenodo},
	doi          = {10.5281/zenodo.10442139},
	hideurl      = {https://zenodo.org/doi/10.5281/zenodo.10442139},
	organization = {Zenodo}
}
@article{Camara2023,
	title        = {On the assessment of generative AI in modeling tasks: an experience report with ChatGPT and UML},
	author       = {Javier Cámara and Javier Troya and Lola Burgueño and Antonio Vallecillo},
	year         = 2023,
	month        = 5,
	journal      = {Software and Systems Modeling},
	publisher    = {Springer Science and Business Media LLC},
	volume       = 22,
	number       = 3,
	pages        = {781--793},
	doi          = {10.1007/s10270-023-01105-5},
	issn         = {1619-1366},
	url          = {https://link.springer.com/content/pdf/10.1007/s10270-023-01105-5.pdf}
}
@book{Brambilla2017,
	title        = {Model-Driven Software Engineering in Practice},
	author       = {Marco Brambilla and Jordi Cabot and Manuel Wimmer},
	year         = 2017,
	month        = 3,
	booktitle    = {Synthesis Lectures on Software Engineering},
	publisher    = {Springer International Publishing},
	doi          = {10.1007/978-3-031-02549-5},
	isbn         = 9783031014215,
	issn         = {2328-3319},
	url          = {https://doi.org/10.1007/978-3-031-02549-5}
}
@inproceedings{Hutchinson2011,
	title        = {Model-Driven Engineering Practices in Industry},
	author       = {Hutchinson, John and Rouncefield, Mark and Whittle, Jon},
	year         = 2011,
	month        = 5,
	journal      = {International Conference on Software Engineering},
	booktitle    = {Proceedings of the 33rd International Conference on Software Engineering},
	location     = {Waikiki, Honolulu, HI, USA},
	publisher    = {Association for Computing Machinery},
	address      = {New York, NY, USA},
	series       = {ICSE '11},
	pages        = {633–642},
	doi          = {10.1145/1985793.1985882},
	isbn         = 9781450304450,
	url          = {https://doi.org/10.1145/1985793.1985882},
	editor       = {Taylor, Richard N. and Gall, Harald and Medvidovic, Nenad},
	keywords     = {software engineering, model driven engineering, empirical evaluation},
	numpages     = 10
}
@inproceedings{Kent2002,
	title        = {Model Driven Engineering},
	author       = {Kent, Stuart},
	year         = 2002,
	month        = 5,
	journal      = {International Conference on Integrated Formal Methods},
	booktitle    = {Integrated Formal Methods},
	publisher    = {Springer Berlin Heidelberg},
	address      = {Berlin, Heidelberg},
	series       = {International Conference on Integrated Formal Methods},
	volume       = 2335,
	pages        = {286--298},
	doi          = {10.1007/3-540-47884-1_16},
	isbn         = {978-3-540-47884-3},
	issn         = {0302-9743},
	url          = {http://hal.archives-ouvertes.fr/docs/00/34/40/13/PDF/RR-6747.pdf},
	editor       = {Butler, Michael and Petre, Luigia and Sere, Kaisa}
}
@inproceedings{Ovhal2015,
	title        = {Detecting plagiarism in images},
	author       = {Ovhal, Prajakta},
	year         = 2015,
	month        = 12,
	booktitle    = {2015 International Conference on Information Processing (ICIP)},
	publisher    = {IEEE},
	volume       = 1,
	pages        = {85--89},
	doi          = {10.1109/INFOP.2015.7489356}
}
@inproceedings{Bian2019,
	title        = {Automated Grading of Class Diagrams},
	author       = {Bian, Weiyi and Alam, Omar and Kienzle, Jörg},
	year         = 2019,
	month        = 9,
	journal      = {MODELS 2019},
	booktitle    = {2019 ACM/IEEE 22nd International Conference on Model Driven Engineering Languages and Systems Companion (MODELS-C)},
	publisher    = {IEEE},
	pages        = {700--709},
	doi          = {10.1109/MODELS-C.2019.00106},
	editor       = {Burgueño, Loli and Pretschner, Alexander and Voss, Sebastian and Chaudron, Michel and Kienzle, Jörg and Völter, Markus and Gérard, Sébastien and Zahedi, Mansooreh and Bousse, Erwan and Rensink, Arend and Polack, Fiona and Engels, Gregor and Kappel, Gerti}
}
@inproceedings{Boubekeur2020,
	title        = {Automatic Assessment of Students' Software Models Using a Simple Heuristic and Machine Learning},
	author       = {Boubekeur, Younes and Mussbacher, Gunter and McIntosh, Shane},
	year         = 2020,
	month        = 10,
	journal      = {MODELS 2020},
	booktitle    = {Proceedings of the 23rd ACM/IEEE International Conference on Model Driven Engineering Languages and Systems: Companion Proceedings},
	location     = {Canada},
	publisher    = {Association for Computing Machinery},
	address      = {New York, NY, USA},
	series       = {MODELS '20},
	pages        = {20:1--20:10},
	doi          = {10.1145/3417990.3418741},
	isbn         = 9781450381352,
	url          = {https://doi.org/10.1145/3417990.3418741},
	articleno    = 20,
	editor       = {Guerra, Esther and Iovino, Ludovico},
	keywords     = {domain modeling, grading, Umple, heuristics, assessment},
	numpages     = 10
}
@inproceedings{Bian2020,
	title        = {Is Automated Grading of Models Effective? Assessing Automated Grading of Class Diagrams},
	author       = {Bian, Weiyi and Alam, Omar and Kienzle, Jörg},
	year         = 2020,
	month        = 10,
	journal      = {MODELS 2020},
	booktitle    = {Proceedings of the 23rd ACM/IEEE International Conference on Model Driven Engineering Languages and Systems},
	location     = {Canada},
	publisher    = {Association for Computing Machinery},
	address      = {New York, NY, USA},
	volume       = 4,
	pages        = {365–376},
	doi          = {10.1145/3365438.3410944},
	isbn         = 9781450370196,
	url          = {https://doi.org/10.1145/3365438.3410944},
	editor       = {Syriani, Eugene and Sahraoui, Houari A. and de Lara, Juan and Abrahão, Silvia},
	keywords     = {model comparison, class diagrams, automated grading},
	numpages     = 12
}
@article{Hasker2011,
	title        = {UMLGrader: An Automated Class Diagram Grader},
	author       = {Hasker, Robert W.},
	year         = 2011,
	month        = 10,
	journal      = {J. Comput. Sci. Coll.},
	publisher    = {Consortium for Computing Sciences in Colleges},
	address      = {Evansville, IN, USA},
	volume       = 27,
	number       = 1,
	pages        = {47–54},
	issn         = {1937-4771},
	url          = {https://dl.acm.org/citation.cfm?id=2037151.2037163},
	issue_date   = {October 2011},
	numpages     = 8
}
@misc{Saglam2023_supp,
	title        = {{Supplementary Material for How Students Plagiarize Modeling Assignments}},
	author       = {Timur Sağlam and Larissa Schmid and Sebastian Hahner and Erik Burger},
	year         = 2023,
	month        = 8,
	journal      = {Zenodo (CERN European Organization for Nuclear Research)},
	publisher    = {Zenodo},
	doi          = {10.5281/zenodo.8281291},
	hideurl      = {https://doi.org/10.5281/zenodo.8281291},
	version      = {v1.0.0}
}
@phdthesis{Niehus2023,
	title        = {Intelligent Match Merging to Prevent Obfuscation Attacks on Software Plagiarism Detectors},
	author       = {Niehues, Nils},
	year         = 2023,
	publisher    = {{Karlsruher Institut für Technologie (KIT)}},
	doi          = {10.5445/IR/1000167446},
	language     = {english},
	school       = {Karlsruher Institut für Technologie (KIT)},
	type         = {master's thesis}
}
@phdthesis{Maisch2024,
	title        = {Preventing Refactoring Attacks on Software Plagiarism Detection through Graph-Based Structural Normalization},
	author       = {Maisch, Robin Manuel},
	year         = 2024,
	publisher    = {{Karlsruher Institut für Technologie (KIT)}},
	doi          = {10.5445/IR/1000172813},
	language     = {english},
	pagetotal    = 77,
	school       = {Karlsruhe Institute of Technology (KIT)},
	type         = {master's thesis}
}
@article{Pauleve2010,
	title        = {Locality sensitive hashing: A comparison of hash function types and querying mechanisms},
	author       = {Loïc Paulevé and Hervé Jégou and Laurent Amsaleg},
	year         = 2010,
	month        = 8,
	journal      = {Pattern Recognition Letters},
	publisher    = {Elsevier BV},
	volume       = 31,
	number       = 11,
	pages        = {1348--1358},
	doi          = {https://doi.org/10.1016/j.patrec.2010.04.004},
	issn         = {0167-8655},
	url          = {https://www.sciencedirect.com/science/article/pii/S0167865510001169}
}
@techreport{UML,
	title        = {Unified Modeling Language ({UML}) Version 2.5.1},
	author       = {Steve Cook and Conrad Bock and Pete Rivett and Tom Rutt and Ed Seidewitz and Bran Selic and Doug Tolbert},
	year         = 2017,
	address      = {Consortium},
	howpublished = {https://www.omg.org/spec/UML/2.5.1},
	institution  = {Object Management Group ({OMG})},
	type         = {Standard}
}
@article{Braumoeller2001,
	title        = {Actions Do Speak Louder than Words: Deterring Plagiarism with the Use of Plagiarism-Detection Software},
	author       = {Bear F. Braumoeller and Brian J. Gaines},
	year         = 2001,
	month        = 10,
	journal      = {PS: Political Science and Politics},
	booktitle    = {PS},
	publisher    = {Cambridge University Press},
	volume       = 34,
	number       = 4,
	pages        = {835--839},
	doi          = {10.1017/s1049096501000786},
	issn         = {1049-0965}
}
@article{flores2014,
	title        = {Pan\@ fire: Overview of soco track on the detection of source code re-use},
	author       = {Flores, Enrique and Rosso, P and Moreno, L and Villatoro-Tello, E},
	year         = 2014,
	month        = 12,
	journal      = {Notebook papers of FIRE},
	volume       = 2014,
	url          = {https://riunet.upv.es/handle/10251/66414}
}
@inproceedings{Schulte2006,
	title        = {What do teachers teach in introductory programming?},
	author       = {Schulte, Carsten and Bennedsen, Jens},
	year         = 2006,
	month        = 9,
	journal      = {International Computing Education Research Workshop},
	booktitle    = {Proceedings of the Second International Workshop on Computing Education Research},
	location     = {Canterbury, United Kingdom},
	publisher    = {Association for Computing Machinery},
	address      = {New York, NY, USA},
	series       = {ICER '06},
	volume       = 20,
	pages        = {17–28},
	doi          = {10.1145/1151588.1151593},
	isbn         = 1595934944,
	url          = {https://doi.org/10.1145/1151588.1151593},
	editor       = {Anderson, Richard J. and Fincher, Sally and Guzdial, Mark},
	keywords     = {program comprehension, object interaction, course design, OO programming, CS1},
	numpages     = 12
}
@inproceedings{Plaggie,
	title        = {Plaggie: GNU-licensed source code plagiarism detection engine for Java exercises},
	author       = {Ahtiainen, Aleksi and Surakka, Sami and Rahikainen, Mikko},
	year         = 2006,
	month        = 2,
	journal      = {Baltic Sea '06},
	booktitle    = {Proceedings of the 6th Baltic Sea Conference on Computing Education Research: Koli Calling 2006},
	location     = {Uppsala, Sweden},
	publisher    = {Association for Computing Machinery},
	address      = {New York, NY, USA},
	series       = {Baltic Sea '06},
	pages        = {141–142},
	doi          = {10.1145/1315803.1315831},
	isbn         = 9781450378383,
	url          = {https://doi.org/10.1145/1315803.1315831},
	editor       = {Berglund, Anders and Wiggberg, Mattias},
	numpages     = 2
}
@inproceedings{SIM,
	title        = {Sim: a utility for detecting similarity in computer programs},
	author       = {Gitchell, David and Tran, Nicholas},
	year         = 1999,
	month        = 3,
	journal      = {Technical Symposium on Computer Science Education},
	booktitle    = {The Proceedings of the Thirtieth SIGCSE Technical Symposium on Computer Science Education},
	location     = {New Orleans, Louisiana, USA},
	publisher    = {Association for Computing Machinery},
	address      = {New York, NY, USA},
	series       = {SIGCSE '99},
	volume       = 6,
	pages        = {266–270},
	doi          = {10.1145/299649.299783},
	isbn         = 1581130856,
	url          = {https://doi.org/10.1145/299649.299783},
	editor       = {Prey, Jane and Noonan, Robert E.},
	numpages     = 5
}
@inproceedings{Krusche2018,
	title        = {ArTEMiS: An Automatic Assessment Management System for Interactive Learning},
	author       = {Krusche, Stephan and Seitz, Andreas},
	year         = 2018,
	month        = 2,
	journal      = {Technical Symposium on Computer Science Education},
	booktitle    = {Proceedings of the 49th ACM Technical Symposium on Computer Science Education},
	location     = {Baltimore, Maryland, USA},
	publisher    = {Association for Computing Machinery},
	address      = {New York, NY, USA},
	series       = {SIGCSE '18},
	pages        = {284–289},
	doi          = {10.1145/3159450.3159602},
	isbn         = 9781450351034,
	url          = {https://doi.org/10.1145/3159450.3159602},
	editor       = {Barnes, Tiffany and Garcia, Daniel D. and Hawthorne, Elizabeth K. and Pérez-Quiñones, Manuel A.},
	numpages     = 6
}
@online{codegrade,
	title        = {CodeGrade Website},
	author       = {{CodeGrade BV}},
	year         = 2024,
	url          = {https://www.codegrade.com/},
	urldate      = {2024-07-26},
	language     = {en-US}
}
@phdthesis{zhang2014b,
	title        = {{Toward Obfuscation-resilient Plagiarism Detection}},
	author       = {Zhang, Fangfang},
	year         = 2014,
	month        = {03},
	address      = {University Park, PA},
	url          = {https://etda.libraries.psu.edu/catalog/20404},
	note         = {Graduate Program: Computer Science and Engineering},
	keywords     = {Plagiarism detection, Smartphone app repackaging, Program birthmark, Obfuscation},
	school       = {The Pennsylvania State University},
	type         = {{PhD} Dissertation}
}
@article{Collberg2002,
	title        = {Watermarking, tamper-proofing, and obfuscation - tools for software protection},
	author       = {Collberg, C.S. and Thomborson, C.},
	year         = 2002,
	month        = 8,
	journal      = {IEEE Transactions on Software Engineering},
	publisher    = {Institute of Electrical and Electronics Engineers (IEEE)},
	volume       = 28,
	number       = 8,
	pages        = {735--746},
	doi          = {10.1109/TSE.2002.1027797},
	issn         = {0098-5589},
	url          = {https://www.cs.auckland.ac.nz/~cthombor/Pubs/01027797a.pdf},
	keywords     = {Watermarking;Software protection;Computer crime;Data security;Intellectual property;Computer security;Java;Manufacturing;Computer Society;Reverse engineering}
}
@inproceedings{Hayden2019,
	title        = {SPPlagiarise: A Tool for Generating Simulated Semantics-Preserving Plagiarism of Java Source Code},
	author       = {Cheers, Hayden and Lin, Yuqing and Smith, Shamus P.},
	year         = 2019,
	month        = 10,
	booktitle    = {2019 IEEE 10th International Conference on Software Engineering and Service Science (ICSESS)},
	publisher    = {IEEE},
	volume       = 8,
	pages        = {617--622},
	doi          = {10.1109/ICSESS47205.2019.9040853},
	keywords     = {code obfuscation;source code plagiarism;semantics preserving clone}
}
@article{Yuan2018,
	title        = {{A New Software Birthmark based on Weight Sequences of Dynamic Control Flow Graph for Plagiarism Detection}},
	author       = {Yuan, Baoguo and Wang, Junfeng and Fang, Zhiyang and Qi, Li},
	year         = 2018,
	month        = {06},
	journal      = {The Computer Journal},
	publisher    = {Oxford University Press (OUP)},
	volume       = 61,
	number       = 8,
	pages        = {1202--1215},
	doi          = {10.1093/comjnl/bxy055},
	issn         = {0010-4620},
	url          = {https://doi.org/10.1093/comjnl/bxy055},
	eprint       = {https://academic.oup.com/comjnl/article-pdf/61/8/1202/25209197/bxy055.pdf}
}
@inproceedings{Yuan2017,
	title        = {Scalable and Obfuscation-Resilient Android App Repackaging Detection Based on Behavior Birthmark},
	author       = {Yuan, Cangzhou and Wei, Shenhong and Zhou, Chengjian and Guo, Jiangtao and Xiang, Hongyue},
	year         = 2017,
	month        = 12,
	journal      = {Asia-Pacific Software Engineering Conference},
	booktitle    = {2017 24th Asia-Pacific Software Engineering Conference (APSEC)},
	publisher    = {IEEE Computer Society},
	volume       = 81,
	pages        = {476--485},
	doi          = {10.1109/APSEC.2017.54},
	editor       = {Lv, Jian and Zhang, He Jason and Hinchey, Mike and Liu, Xiao},
	keywords     = {Androids;Humanoid robots;Image edge detection;Scalability;Malware;Semantics;Android repackaging;Obfuscation resilient;Behavior birthmark}
}
@inproceedings{Zhang2014c,
	title        = {ViewDroid: towards obfuscation-resilient mobile application repackaging detection},
	author       = {Zhang, Fangfang and Huang, Heqing and Zhu, Sencun and Wu, Dinghao and Liu, Peng},
	year         = 2014,
	month        = 7,
	journal      = {Wireless Network Security},
	booktitle    = {Proceedings of the 2014 ACM Conference on Security and Privacy in Wireless \& Mobile Networks},
	location     = {Oxford, United Kingdom},
	publisher    = {Association for Computing Machinery},
	address      = {New York, NY, USA},
	series       = {WiSec '14},
	pages        = {25–36},
	doi          = {10.1145/2627393.2627395},
	isbn         = 9781450329729,
	url          = {https://doi.org/10.1145/2627393.2627395},
	editor       = {Ács, Gergely and Martin, Andrew and Martinovic, Ivan and Castelluccia, Claude and Traynor, Patrick},
	keywords     = {user interface, repackaging, obfuscation resilient, mobile application},
	numpages     = 12
}
@article{Butakov2009,
	title        = {The toolbox for local and global plagiarism detection},
	author       = {Sergey Butakov and Vladislav Scherbinin},
	year         = 2009,
	month        = 5,
	journal      = {Computers \& Education},
	publisher    = {Elsevier BV},
	volume       = 52,
	number       = 4,
	pages        = {781--788},
	doi          = {10.1016/j.compedu.2008.12.001},
	issn         = {0360-1315},
	url          = {https://www.sciencedirect.com/science/article/pii/S0360131508001930},
	keywords     = {Architectures for educational technology system, Evaluation methodologies, Human-computer interface}
}
@article{Andersson2021,
	title        = {A conceptual framework for resilience: fundamental definitions, strategies and metrics},
	author       = {Jesper Andersson and Vincenzo Grassi and Raffaela Mirandola and Diego Perez-Palacin},
	year         = 2021,
	month        = 4,
	journal      = {Computing},
	publisher    = {Springer Science and Business Media LLC},
	volume       = 103,
	number       = 4,
	pages        = {559--588},
	doi          = {10.1007/s00607-020-00874-x},
	issn         = {1436-5057},
	url          = {https://doi.org/10.1007/s00607-020-00874-x}
}
@online{Firesmith2019,
	title        = {System Resilience: What Exactly is it?},
	author       = {Firesmith, Donald},
	year         = 2019,
	month        = 11,
	url          = {https://insights.sei.cmu.edu/blog/system-resilience-what-exactly-is-it/},
	urldate      = {2024-07-31},
	howpublished = {Carnegie Mellon University, Software Engineering Institute's Insights (blog)}
}
@article{Weber2019,
	title        = {Plagiarism detectors are a crutch, and a problem},
	author       = {Weber-Wulff, Debora},
	year         = 2019,
	month        = 3,
	journal      = {Nature},
	publisher    = {Springer Science and Business Media LLC},
	volume       = 567,
	number       = 7749,
	pages        = {435–435},
	doi          = {10.1038/d41586-019-00893-5},
	issn         = {1476-4687},
	url          = {http://dx.doi.org/10.1038/d41586-019-00893-5}
}
@techreport{Pawlak2006,
	title        = {{Spoon: Program Analysis and Transformation in Java}},
	author       = {Pawlak, Renaud and Noguera, Carlos and Petitprez, Nicolas},
	year         = 2006,
	number       = {RR-5901},
	url          = {https://inria.hal.science/inria-00071366},
	hal_id       = {inria-00071366},
	hal_version  = {v1},
	institution  = {{Inria}},
	keywords     = {COMPILE-TIME REFLECTION ; ANNOTATIONS ; GENERICS ; TEMPLATES ; PARTIAL EVALUATION ; AOP ; PROGRAM ANALYSIS AND TRANSFORMATION ; OPEN COMPILERS},
	pdf          = {https://inria.hal.science/inria-00071366/file/RR-5901.pdf},
	type         = {Research Report}
}
@article{Cliff1993,
	title        = {Dominance statistics: Ordinal analyses to answer ordinal questions.},
	author       = {Cliff,  Norman},
	year         = 1993,
	month        = 11,
	journal      = {Psychological Bulletin},
	publisher    = {American Psychological Association (APA)},
	volume       = 114,
	number       = 3,
	pages        = {494–509},
	doi          = {10.1037/0033-2909.114.3.494},
	issn         = {0033-2909},
	url          = {http://dx.doi.org/10.1037/0033-2909.114.3.494}
}
@inproceedings{Romano2006,
	title        = {{Appropriate statistics for ordinal level data: Should we really be using t-test and Cohen'sd for evaluating group differences on the NSSE and other surveys?}},
	author       = {Romano, J. and Kromrey, J.D. and Coraggio, J. and Skowronek, J.},
	year         = 2006,
	booktitle    = {annual meeting of the Florida Association of Institutional Research},
	pages        = {1--3},
	added-at     = {2010-05-13T11:34:37.000+0200},
	biburl       = {https://www.bibsonomy.org/bibtex/216a5c27e770147e5796719fc6b68547d/kweiand},
	date-modified = {2010-05-12 16:32:57 +0200},
	interhash    = {040942465797dca02d5527fd876088dc},
	intrahash    = {16a5c27e770147e5796719fc6b68547d},
	keywords     = {imported},
	nocites      = {-1},
	timestamp    = {2010-05-13T11:34:46.000+0200}
}
@book{Cohen1988,
	title        = {Statistical Power Analysis for the Behavioral Sciences},
	author       = {Cohen,  Jacob},
	year         = 1988,
	month        = 5,
	publisher    = {Routledge},
	doi          = {10.4324/9780203771587},
	isbn         = 9781134742707,
	url          = {http://dx.doi.org/10.4324/9780203771587},
	note         = {First published: 1988}
}
@book{Grissom2012,
	title        = {Effect Sizes for Research},
	author       = {Grissom,  Robert J. and Kim,  John J.},
	year         = 2012,
	month        = 4,
	publisher    = {Routledge},
	doi          = {10.4324/9780203803233},
	isbn         = 9781136632358,
	url          = {http://dx.doi.org/10.4324/9780203803233}
}
@article{WeberWulff2023,
	title        = {Testing of detection tools for AI-generated text},
	author       = {Weber-Wulff,  Debora and Anohina-Naumeca,  Alla and Bjelobaba,  Sonja and Foltýnek,  Tomáš and Guerrero-Dib,  Jean and Popoola,  Olumide and Šigut,  Petr and Waddington,  Lorna},
	year         = 2023,
	month        = 12,
	journal      = {International Journal for Educational Integrity},
	publisher    = {Springer},
	volume       = 19,
	number       = 1,
	pages        = {1--39},
	doi          = {10.1007/s40979-023-00146-z},
	issn         = {1833-2595},
	url          = {http://dx.doi.org/10.1007/s40979-023-00146-z}
}
@inproceedings{Pan2024,
	title        = {Assessing AI Detectors in Identifying AI-Generated Code: Implications for Education},
	author       = {Pan, Wei Hung and Chok, Ming Jie and Wong, Jonathan Leong Shan and Shin, Yung Xin and Poon, Yeong Shian and Yang, Zhou and Chong, Chun Yong and Lo, David and Lim, Mei Kuan},
	year         = 2024,
	month        = 4,
	journal      = {2024 IEEE/ACM 46th International Conference on Software Engineering: Software Engineering Education and Training (ICSE-SEET)},
	booktitle    = {Proceedings of the 46th International Conference on Software Engineering: Software Engineering Education and Training},
	location     = {Lisbon, Portugal},
	publisher    = {Association for Computing Machinery},
	address      = {New York, NY, USA},
	series       = {ICSE-SEET '24},
	volume       = 18,
	pages        = {1–11},
	doi          = {10.1145/3639474.3640068},
	isbn         = {979-8-4007-0498-7},
	url          = {https://doi.org/10.1145/3639474.3640068},
	keywords     = {software engineering education, AI-generated code, AI-generated code detection},
	numpages     = 11
}
@inproceedings{Jiang2023,
	title        = {Evading Watermark based Detection of AI-Generated Content},
	author       = {Jiang, Zhengyuan and Zhang, Jinghuai and Gong, Neil Zhenqiang},
	year         = 2023,
	month        = 11,
	journal      = {Conference on Computer and Communications Security},
	booktitle    = {Proceedings of the 2023 ACM SIGSAC Conference on Computer and Communications Security},
	location     = {Copenhagen, Denmark},
	publisher    = {Association for Computing Machinery},
	address      = {New York, NY, USA},
	series       = {CCS '23},
	pages        = {1168–1181},
	doi          = {10.1145/3576915.3623189},
	isbn         = 9798400700507,
	url          = {https://doi.org/10.1145/3576915.3623189},
	editor       = {Meng, Weizhi and Jensen, Christian Damsgaard and Cremers, Cas and Kirda, Engin},
	keywords     = {ai-generated content detection, robustness, watermarking},
	numpages     = 14
}
@inproceedings{zhao2024provable,
	title        = {Provable Robust Watermarking for {AI}-Generated Text},
	author       = {Xuandong Zhao and Prabhanjan Vijendra Ananth and Lei Li and Yu-Xiang Wang},
	year         = 2024,
	booktitle    = {The Twelfth International Conference on Learning Representations},
	publisher    = {OpenReview.net},
	doi          = {10.48550/arXiv.2306.17439},
	url          = {https://openreview.net/forum?id=SsmT8aO45L}
}
@article{Ouyang2023,
	title        = {LLM is Like a Box of Chocolates: the Non-determinism of ChatGPT in Code Generation},
	author       = {Ouyang,  Shuyin and Zhang,  Jie M. and Harman,  Mark and Wang,  Meng},
	year         = 2023,
	journal      = {arXiv (Cornell University)},
	publisher    = {arXiv},
	doi          = {10.48550/ARXIV.2308.02828},
	url          = {https://arxiv.org/abs/2308.02828},
	copyright    = {Creative Commons Zero v1.0 Universal},
	archiveprefix = {arXiv},
	keywords     = {Software Engineering (cs.SE),  FOS: Computer and information sciences,  FOS: Computer and information sciences},
	primaryclass = {cs.SE}
}
@book{Stachowiak1973,
	title        = {Allgemeine Modelltheorie},
	author       = {Stachowiak, Herbert},
	year         = 1973,
	publisher    = {Springer Vienna},
	doi          = {10.1007/978-3-7091-8327-4},
	isbn         = 9783709183274,
	url          = {http://dx.doi.org/10.1007/978-3-7091-8327-4},
	asin         = 3211811060
}
@techreport{gpt4,
	title        = {GPT-4 Technical Report},
	author       = {Josh Achiam and Steven Adler and Sandhini Agarwal and Lama Ahmad and Ilge Akkaya and Florencia Leoni Aleman and Diogo Almeida and Janko Altenschmidt and Sam Altman and Shyamal Anadkat and Red Avila and Igor Babuschkin and Suchir Balaji and Valerie Balcom and Paul Baltescu and Haiming Bao and Mohammad Bavarian and Jeff Belgum and Irwan Bello and Jake Berdine and Gabriel Bernadett-Shapiro and Christopher Berner and Lenny Bogdonoff and Oleg Boiko and Madelaine Boyd and Anna-Luisa Brakman and Greg Brockman and Tim Brooks and Miles Brundage and Kevin Button and Trevor Cai and Rosie Campbell and Andrew Cann and Brittany Carey and Chelsea Carlson and Rory Carmichael and Brooke Chan and Che Chang and Fotis Chantzis and Derek Chen and Sully Chen and Ruby Chen and Jason Chen and Mark Chen and Ben Chess and Chester Cho and Casey Chu and Hyung Won Chung and Dave Cummings and Jeremiah Currier and Yunxing Dai and Cory Decareaux and Thomas Degry and Noah Deutsch and Damien Deville and Arka Dhar and David Dohan and Steve Dowling and Sheila Dunning and Adrien Ecoffet and Atty Eleti and Tyna Eloundou and David Farhi and Liam Fedus and Niko Felix and Simón Posada Fishman and Juston Forte and Isabella Fulford and Leo Gao and Elie Georges and Christian Gibson and Vik Goel and Tarun Gogineni and Gabriel Goh and Rapha Gontijo-Lopes and Jonathan Gordon and Morgan Grafstein and Scott Gray and Ryan Greene and Joshua Gross and Shixiang Shane Gu and Yufei Guo and Chris Hallacy and Jesse Han and Jeff Harris and Yuchen He and Mike Heaton and Johannes Heidecke and Chris Hesse and Alan Hickey and Wade Hickey and Peter Hoeschele and Brandon Houghton and Kenny Hsu and Shengli Hu and Xin Hu and Joost Huizinga and Shantanu Jain and Shawn Jain and Joanne Jang and Angela Jiang and Roger Jiang and Haozhun Jin and Denny Jin and Shino Jomoto and Billie Jonn and Heewoo Jun and Tomer Kaftan and Łukasz Kaiser and Ali Kamali and Ingmar Kanitscheider and Nitish Shirish Keskar and Tabarak Khan and Logan Kilpatrick and Jong Wook Kim and Christina Kim and Yongjik Kim and Jan Hendrik Kirchner and Jamie Kiros and Matt Knight and Daniel Kokotajlo and Łukasz Kondraciuk and Andrew Kondrich and Aris Konstantinidis and Kyle Kosic and Gretchen Krueger and Vishal Kuo and Michael Lampe and Ikai Lan and Teddy Lee and Jan Leike and Jade Leung and Daniel Levy and Chak Ming Li and Rachel Lim and Molly Lin and Stephanie Lin and Mateusz Litwin and Theresa Lopez and Ryan Lowe and Patricia Lue and Anna Makanju and Kim Malfacini and Sam Manning and Todor Markov and Yaniv Markovski and Bianca Martin and Katie Mayer and Andrew Mayne and Bob McGrew and Scott Mayer McKinney and Christine McLeavey and Paul McMillan and Jake McNeil and David Medina and Aalok Mehta and Jacob Menick and Luke Metz and Andrey Mishchenko and Pamela Mishkin and Vinnie Monaco and Evan Morikawa and Daniel Mossing and Tong Mu and Mira Murati and Oleg Murk and David Mély and Ashvin Nair and Reiichiro Nakano and Rajeev Nayak and Arvind Neelakantan and Richard Ngo and Hyeonwoo Noh and Long Ouyang and Cullen O'Keefe and Jakub Pachocki and Alex Paino and Joe Palermo and Ashley Pantuliano and Giambattista Parascandolo and Joel Parish and Emy Parparita and Alex Passos and Mikhail Pavlov and Andrew Peng and Adam Perelman and Filipe de Avila Belbute Peres and Michael Petrov and Henrique Ponde de Oliveira Pinto and Michael and Pokorny and Michelle Pokrass and Vitchyr H. Pong and Tolly Powell and Alethea Power and Boris Power and Elizabeth Proehl and Raul Puri and Alec Radford and Jack Rae and Aditya Ramesh and Cameron Raymond and Francis Real and Kendra Rimbach and Carl Ross and Bob Rotsted and Henri Roussez and Nick Ryder and Mario Saltarelli and Ted Sanders and Shibani Santurkar and Girish Sastry and Heather Schmidt and David Schnurr and John Schulman and Daniel Selsam and Kyla Sheppard and Toki Sherbakov and Jessica Shieh and Sarah Shoker and Pranav Shyam and Szymon Sidor and Eric Sigler and Maddie Simens and Jordan Sitkin and Katarina Slama and Ian Sohl and Benjamin Sokolowsky and Yang Song and Natalie Staudacher and Felipe Petroski Such and Natalie Summers and Ilya Sutskever and Jie Tang and Nikolas Tezak and Madeleine B. Thompson and Phil Tillet and Amin Tootoonchian and Elizabeth Tseng and Preston Tuggle and Nick Turley and Jerry Tworek and Juan Felipe Cerón Uribe and Andrea Vallone and Arun Vijayvergiya and Chelsea Voss and Carroll Wainwright and Justin Jay Wang and Alvin Wang and Ben Wang and Jonathan Ward and Jason Wei and CJ Weinmann and Akila Welihinda and Peter Welinder and Jiayi Weng and Lilian Weng and Matt Wiethoff and Dave Willner and Clemens Winter and Samuel Wolrich and Hannah Wong and Lauren Workman and Sherwin Wu and Jeff Wu and Michael Wu and Kai Xiao and Tao Xu and Sarah Yoo and Kevin Yu and Qiming Yuan and Wojciech Zaremba and Rowan Zellers and Chong Zhang and Marvin Zhang and Shengjia Zhao and Tianhao Zheng and Juntang Zhuang and William Zhuk and Barret Zoph},
	year         = 2024,
	doi          = {10.48550/arXiv.2303.08774},
	url          = {https://arxiv.org/abs/2303.08774},
	archiveprefix = {arXiv},
	eprint       = {2303.08774},
	institution  = {OpenAI},
	primaryclass = {cs.CL}
}
@book{Stahl2006,
	title        = {Model-Driven Software Development: Technology, Engineering, Management},
	author       = {Stahl, Thomas and Voelter, Markus and Czarnecki, Krzysztof},
	year         = 2006,
	month        = 5,
	publisher    = {John Wiley \& Sons},
	address      = {Hoboken, NJ, USA},
	pages        = {I--XVI, 1--428},
	isbn         = {0470025700},
	url          = {https://cds.cern.ch/record/1692118}
}
@article{Bucchiarone20,
	title        = {Grand challenges in model-driven engineering: an analysis of the state of the research},
	author       = {Bucchiarone,  Antonio and Cabot,  Jordi and Paige,  Richard F. and Pierantonio,  Alfonso},
	year         = 2020,
	month        = 1,
	journal      = {Software Systems Modelling},
	publisher    = {Springer Science and Business Media LLC},
	volume       = 19,
	number       = 1,
	pages        = {5--13},
	doi          = {10.1007/s10270-019-00773-6},
	issn         = {1619-1366},
	url          = {https://doi.org/10.1007/s10270-019-00773-6}
}
@inproceedings{Syriani2013b,
	title        = {{AT}o{MPM}: A Web-based Modeling Environment},
	author       = {Syriani, Eugene and Vangheluwe, Hans and Mannadiar, Raphael and Hansen, Conner and Van Mierlo, Simon and Ergin, H{\"u}seyin},
	year         = 2013,
	month        = 10,
	journal      = {ACM/IEEE International Conference on Model Driven Engineering Languages and Systems},
	booktitle    = {{MODELS'13} Invited Talks, Demonstration Session, Poster Session, and {ACM} Student Research Competition},
	publisher    = {CEUR-WS.org},
	address      = {Miami FL},
	volume       = 1115,
	pages        = {21--25},
	doi          = {http://ceur-ws.org/Vol-1115/demo4.pdf},
	url          = {https://ceur-ws.org/Vol-1115/demo4.pdf},
	editor       = {Liu, Yan and Zschaler, Steffen and Baudry, Benoit and Ghosh, Sudipto and Ruscio, Davide Di and Jackson, Ethan K. and Wimmer, Manuel},
	paper        = {http://ceur-ws.org/Vol-1115/demo4.pdf}
}
@inproceedings{Barnett2023,
	title        = {An Online Education Platform for Teaching MDE},
	author       = {Barnett, Will and Zschaler, Steffen and Boronat, Artur and Garcia-Dominguez, Antonio and Kolovos, Dimitris},
	year         = 2023,
	month        = 10,
	journal      = {2023 ACM/IEEE International Conference on Model Driven Engineering Languages and Systems Companion (MODELS-C)},
	booktitle    = {2023 ACM/IEEE International Conference on Model Driven Engineering Languages and Systems Companion (MODELS-C)},
	publisher    = {IEEE},
	pages        = {114--121},
	doi          = {10.1109/MODELS-C59198.2023.00035},
	keywords     = {Education;Prototypes;Collaboration;Documentation;Model driven engineering;MDE;education;frameworks}
}
@inproceedings{ENCORE-MODELS23,
	title        = {Towards Personalized Learning Paths to Empower Competence Development in Model Driven Engineering Through the ENCORE Platform},
	author       = {Bucchiarone, Antonio and Vázquez-Ingelmo, Andrea and Schiavo, Gianluca and Barandoni, Simone and García-Holgado, Alicia and García-Peñalvo, Francisco José and Mosser, Sébastien and Pierantonio, Alfonso and Zschaler, Steffen and Barnett, William},
	year         = 2023,
	month        = 10,
	journal      = {2023 ACM/IEEE International Conference on Model Driven Engineering Languages and Systems Companion (MODELS-C)},
	booktitle    = {2023 ACM/IEEE International Conference on Model Driven Engineering Languages and Systems Companion (MODELS-C)},
	publisher    = {IEEE},
	pages        = {122--129},
	doi          = {10.1109/MODELS-C59198.2023.00036},
	keywords     = {Adaptive learning;Federated learning;Databases;Refining;Open Educational Resources;Model driven engineering;Software;Open Educational Resources (OERs);Personalized learning management platform;Model-driven engineering}
}
@inproceedings{KolovosGarciaDominguez22,
	title        = {The {Epsilon} playground},
	author       = {Kolovos, Dimitris and Garcia-Dominguez, Antonio},
	year         = 2022,
	month        = 10,
	journal      = {ACM/IEEE International Conference on Model Driven Engineering Languages and Systems},
	booktitle    = {Companion Proceedings of the 25th International Conference on Model Driven Engineering Languages and Systems},
	publisher    = {ACM},
	pages        = {131--137},
	doi          = {10.1145/3550356.3556507},
	url          = {https://doi.org/10.1145/3550356.3556507},
	editor       = {Kühn, Thomas and Sousa, Vasco}
}
@article{ali2022,
	title        = {Perspectives to Promote Modularity, Reusability, and Consistency in Multi-language Systems},
	author       = {Ali, Hyacinth and Mussbacher, Gunter and Kienzle, J{\"o}rg},
	year         = 2022,
	month        = 1,
	journal      = {Innovations in Systems and Software Engineering},
	publisher    = {Springer Science and Business Media LLC},
	volume       = 18,
	number       = 1,
	pages        = {5--37},
	doi          = {10.1007/s11334-021-00425-3},
	isbn         = {1614-5054},
	issn         = {1614-5046},
	url          = {https://doi.org/10.1007/s11334-021-00425-3}
}
@article{Lethbridge21,
	title        = {Umple: Model-driven development for open source and education},
	author       = {Timothy C. Lethbridge and Andrew Forward and Omar Badreddin and Dusan Brestovansky and Miguel Garzon and Hamoud Aljamaan and Sultan Eid and Ahmed {Husseini Orabi} and Mahmoud {Husseini Orabi} and Vahdat Abdelzad and Opeyemi Adesina and Aliaa Alghamdi and Abdulaziz Algablan and Amid Zakariapour},
	year         = 2021,
	month        = 8,
	journal      = {Science of Computer Programming},
	publisher    = {Elsevier BV},
	volume       = 208,
	pages        = 102665,
	doi          = {10.1016/j.scico.2021.102665},
	issn         = {0167-6423},
	url          = {https://doi.org/10.1016/j.scico.2021.102665},
	keywords     = {Model-driven development, Code generation, Compiler}
}
@inproceedings{Engels2006,
	title        = {Teaching UML Is Teaching Software Engineering Is Teaching Abstraction},
	author       = {Engels, Gregor and Hausmann, Jan Hendrik and Lohmann, Marc and Sauer, Stefan},
	year         = 2006,
	booktitle    = {Satellite Events at the MoDELS 2005 Conference},
	publisher    = {Springer Berlin Heidelberg},
	address      = {Berlin, Heidelberg},
	pages        = {306--319},
	doi          = {10.1007/11663430_32},
	isbn         = {978-3-540-31781-4},
	issn         = {0302-9743},
	editor       = {Bruel, Jean-Michel}
}
@book{Cressey1953,
	title        = {Other people's money; a study of the social psychology of embezzlement.},
	author       = {Cressey, Donald R.},
	year         = 1953,
	publisher    = {Free Press},
	address      = {New York,  NY,  US},
	pages        = {191--191},
	url          = {https://nla.gov.au/nla.cat-vn2504030}
}
@article{Kauffman2015,
	title        = {Digital plagiarism: An experimental study of the effect of instructional goals and copy-and-paste affordance},
	author       = {Yashu Kauffman and Michael F. Young},
	year         = 2015,
	month        = 4,
	journal      = {Computers \& Education},
	publisher    = {Elsevier BV},
	volume       = 83,
	pages        = {44--56},
	doi          = {https://doi.org/10.1016/j.compedu.2014.12.016},
	issn         = {0360-1315},
	url          = {https://www.sciencedirect.com/science/article/pii/S0360131514002930},
	keywords     = {Digital plagiarism, Situated cognition, Copy-and-paste technology, Digital learning, Achievement goals}
}
@article{Karnalim2021,
	title        = {Explanation in Code Similarity Investigation},
	author       = {Karnalim, Oscar and Simon},
	year         = 2021,
	journal      = {IEEE Access},
	publisher    = {Institute of Electrical and Electronics Engineers (IEEE)},
	volume       = 9,
	pages        = {59935--59948},
	doi          = {10.1109/ACCESS.2021.3073703},
	issn         = {2169-3536},
	url          = {https://ieeexplore.ieee.org/ielx7/6287639/9312710/09405994.pdf}
}
@inproceedings{Karnalim2019,
	title        = {Similarity Detection Techniques for Academic Source Code Plagiarism and Collusion: A Review},
	author       = {Karnalim, Oscar and Simon and Chivers, William},
	year         = 2019,
	month        = 12,
	journal      = {International Conference on Teaching, Assessment, and Learning for Engineering},
	booktitle    = {2019 IEEE International Conference on Engineering, Technology and Education (TALE)},
	publisher    = {IEEE},
	pages        = {1--8},
	doi          = {10.1109/TALE48000.2019.9225953}
}
@article{Karnalim2022,
	title        = {Educating Students about Programming Plagiarism and Collusion via Formative Feedback},
	author       = {Karnalim, Oscar and Simon and Chivers, William and Panca, Billy Susanto},
	year         = 2022,
	month        = 6,
	journal      = {ACM Trans. Comput. Educ.},
	publisher    = {Association for Computing Machinery},
	address      = {New York, NY, USA},
	volume       = 22,
	number       = 3,
	pages        = {1--31},
	doi          = {10.1145/3506717},
	issn         = {1946-6226},
	url          = {https://doi.org/10.1145/3506717},
	articleno    = 31,
	issue_date   = {September 2022},
	numpages     = 31
}
@inproceedings{Fuksa2024,
	title        = {ALFI: Action Language for Foundational UML as an Intermediate Language for Model Transformations in JetBrains MPS},
	author       = {Fuksa, Mario and Sa\u{g}lam, Timur and Neumann, Tim and Becker, Steffen},
	year         = 2024,
	month        = 9,
	journal      = {ACM/IEEE International Conference on Model Driven Engineering Languages and Systems},
	booktitle    = {Proceedings of the ACM/IEEE 27th International Conference on Model Driven Engineering Languages and Systems},
	location     = {Linz, Austria},
	publisher    = {Association for Computing Machinery},
	address      = {New York, NY, USA},
	series       = {MODELS Companion '24},
	pages        = {1141–1145},
	doi          = {10.1145/3652620.3688350},
	isbn         = 9798400706226,
	url          = {https://doi.org/10.1145/3652620.3688350},
	editor       = {Wimmer, Manuel and Egyed, Alexander and Combemale, Benoît and Chechik, Marsha},
	numpages     = 5
}
@inproceedings{BerrezuetaGuzman2023,
	title        = {Plagiarism Detection and its Effect on the Learning Outcomes},
	author       = {Berrezueta-Guzman, Jonnathan and Paulsen, Markus and Krusche, Stephan},
	year         = 2023,
	month        = 8,
	journal      = {Conference on Software Engineering Education and Training},
	booktitle    = {2023 IEEE 35th International Conference on Software Engineering Education and Training (CSEE\&T)},
	publisher    = {IEEE},
	volume       = 28,
	pages        = {99--108},
	doi          = {10.1109/CSEET58097.2023.00021},
	url          = {https://osf.io/pqhx7/download},
	keywords     = {Training;Plagiarism;Digital communication;Problem-solving;Engineering education;Programming profession;Information exchange;programming education;interactive learning;online training and education;software engineering education for novices;vision for education in the future}
}
@article{MirandaRodrguez2024,
	title        = {Effectiveness of intervention programs in reducing plagiarism by university students: a systematic review},
	author       = {Miranda-Rodríguez,  Rubén Andrés and Sánchez-Nieto,  José Miguel and Ruiz-Rodríguez,  Ana Karen},
	year         = 2024,
	month        = 5,
	journal      = {Frontiers in Education},
	publisher    = {Frontiers Media SA},
	volume       = 9,
	doi          = {10.3389/feduc.2024.1357853},
	issn         = {2504-284X},
	url          = {http://dx.doi.org/10.3389/feduc.2024.1357853}
}
@article{Albluwi2019,
	title        = {Plagiarism in Programming Assessments: A Systematic Review},
	author       = {Albluwi, Ibrahim},
	year         = 2019,
	month        = 12,
	journal      = {ACM Transactions on Computing Education},
	publisher    = {Association for Computing Machinery},
	address      = {New York, NY, USA},
	volume       = 20,
	number       = 1,
	pages        = {1--28},
	doi          = {10.1145/3371156},
	issn         = {1946-6226},
	url          = {https://doi.org/10.1145/3371156},
	articleno    = 6,
	issue_date   = {March 2020},
	keywords     = {plagiarism, cheating, academic integrity, Introductory programming},
	numpages     = 28
}
@inproceedings{Simon2016,
	title        = {Negotiating the Maze of Academic Integrity in Computing Education},
	author       = {Simon and Sheard, Judy and Morgan, Michael and Petersen, Andrew and Settle, Amber and Sinclair, Jane and Cross, Gerry and Riedesel, Charles},
	year         = 2016,
	month        = 7,
	journal      = {ITiCSE-WGR},
	booktitle    = {Proceedings of the 2016 ITiCSE Working Group Reports},
	location     = {Arequipa, Peru},
	publisher    = {Association for Computing Machinery},
	address      = {New York, NY, USA},
	series       = {ITiCSE '16},
	pages        = {57–80},
	doi          = {10.1145/3024906.3024910},
	isbn         = 9781450348829,
	url          = {https://doi.org/10.1145/3024906.3024910},
	keywords     = {plagiarism, collusion, programming education, academic integrity},
	numpages     = 24
}
@book{Fincher2019,
	title        = {The Cambridge Handbook of Computing Education Research},
	author       = {Fincher, Sally A and Robins, Anthony V},
	year         = 2019,
	month        = 2,
	publisher    = {Cambridge University Press},
	series       = {Cambridge Handbooks in Psychology},
	doi          = {10.1017/9781108654555},
	isbn         = {978-1108654555},
	url          = {https://kar.kent.ac.uk/73256/1/2019ToolsEnvironments.pdf},
	collection   = {Cambridge Handbooks in Psychology},
	place        = {Cambridge}
}
@inproceedings{Simon2014,
	title        = {Student perceptions of the acceptability of various code-writing practices},
	author       = {Simon and Cook, Beth and Sheard, Judy and Carbone, Angela and Johnson, Chris},
	year         = 2014,
	month        = 6,
	journal      = {Annual Conference on Innovation and Technology in Computer Science Education},
	booktitle    = {Proceedings of the 2014 Conference on Innovation \& Technology in Computer Science Education},
	location     = {Uppsala, Sweden},
	publisher    = {Association for Computing Machinery},
	address      = {New York, NY, USA},
	series       = {ITiCSE '14},
	pages        = {105–110},
	doi          = {10.1145/2591708.2591755},
	isbn         = 9781450328333,
	url          = {https://doi.org/10.1145/2591708.2591755},
	editor       = {Cajander, Åsa and Daniels, Mats and Clear, Tony and Pears, Arnold},
	keywords     = {academic integrity, computing education, non-text-based assessment},
	numpages     = 6
}
@inproceedings{Simon2014b,
	title        = {Academic integrity perceptions regarding computing assessments and essays},
	author       = {Simon and Cook, Beth and Sheard, Judy and Carbone, Angela and Johnson, Chris},
	year         = 2014,
	month        = 7,
	journal      = {International Computing Education Research Workshop},
	booktitle    = {Proceedings of the Tenth Annual Conference on International Computing Education Research},
	location     = {Glasgow, Scotland, United Kingdom},
	publisher    = {Association for Computing Machinery},
	address      = {New York, NY, USA},
	series       = {ICER '14},
	pages        = {107–114},
	doi          = {10.1145/2632320.2632342},
	isbn         = 9781450327558,
	url          = {https://doi.org/10.1145/2632320.2632342},
	editor       = {Cutts, Quintin I. and Simon, Beth and Dorn, Brian},
	keywords     = {non-text-based assessment, computing education, academic integrity},
	numpages     = 8
}
@article{Prashar20204,
	title        = {Plagiarism awareness efforts, students’ ethical judgment and behaviors: a longitudinal experiment study on ethical nuances of plagiarism in higher education},
	author       = {Anupama Prashar, Parul Gupta and Yogesh K. Dwivedi},
	year         = 2024,
	month        = 6,
	journal      = {Studies in Higher Education},
	publisher    = {SRHE Website},
	volume       = 49,
	number       = 6,
	pages        = {929--955},
	doi          = {10.1080/03075079.2023.2253835},
	issn         = {0307-5079}
}
@inproceedings{Wan2018,
	title        = {Token-based Approach for Real-time Plagiarism Detection in Digital Designs},
	author       = {Wan, Han and Liu, Kangxu and Gao, Xiaopeng},
	year         = 2018,
	month        = 10,
	journal      = {Frontiers in Education Conference},
	booktitle    = {2018 IEEE Frontiers in Education Conference (FIE)},
	publisher    = {IEEE},
	volume       = 8,
	pages        = {1--5},
	doi          = {10.1109/FIE.2018.8658531},
	keywords     = {Plagiarism;Hardware design languages;Fingerprint recognition;Hardware;Tools;Hamming distance;Programming;token-based;plagiarism detection;program similarity;Verilog HDL;simhash}
}
@article{Lancaster2004,
	title        = {A Comparison of Source Code Plagiarism Detection Engines},
	author       = {Thomas Lancaster and Fintan Culwin},
	year         = 2004,
	month        = 6,
	journal      = {Computer Science Education},
	publisher    = {Routledge},
	volume       = 14,
	number       = 2,
	pages        = {101--112},
	doi          = {10.1080/08993400412331363843},
	issn         = {0899-3408},
	url          = {https://doi.org/10.1080/08993400412331363843},
	eprint       = {https://doi.org/10.1080/08993400412331363843}
}
@article{Lancaster2005,
	title        = {Classifications of plagiarism detection engines},
	author       = {Lancaster, Thomas and Culwin, Fintan},
	year         = 2005,
	month        = 5,
	journal      = {Innovation in Teaching and Learning in Information and Computer Sciences},
	publisher    = {Informa UK Limited},
	volume       = 4,
	number       = 2,
	pages        = {1–16},
	doi          = {10.11120/ital.2005.04020006},
	issn         = {1473-7507},
	url          = {http://dx.doi.org/10.11120/ital.2005.04020006}
}
@article{Culwin2001,
	title        = {Plagiarism issues for higher education},
	author       = {Culwin, Fintan and Lancaster, Thomas},
	year         = 2001,
	month        = 1,
	day          = {01},
	journal      = {VINE},
	publisher    = {MCB UP Ltd},
	volume       = 31,
	number       = 2,
	pages        = {36--41},
	doi          = {10.1108/03055720010804005},
	issn         = {0305-5728},
	url          = {https://doi.org/10.1108/03055720010804005}
}
@inproceedings{Simon2013,
	title        = {Academic integrity: differences between computing assessments and essays},
	author       = {Simon and Cook, Beth and Sheard, Judy and Carbone, Angela and Johnson, Chris},
	year         = 2013,
	month        = 11,
	journal      = {European Conference on Modelling and Simulation},
	booktitle    = {Proceedings of the 13th Koli Calling International Conference on Computing Education Research},
	location     = {Koli, Finland},
	publisher    = {Association for Computing Machinery},
	address      = {New York, NY, USA},
	series       = {Koli Calling '13},
	pages        = {23–32},
	doi          = {10.1145/2526968.2526971},
	isbn         = 9781450324823,
	url          = {https://doi.org/10.1145/2526968.2526971},
	editor       = {Laakso, Mikko-Jussi and Simon},
	keywords     = {academic integrity, computing education, non-text-based assessment},
	numpages     = 10
}
@inproceedings{Pawelczak2018,
	title        = {Benefits and drawbacks of source code plagiarism detection in engineering education},
	author       = {Pawelczak, Dieter},
	year         = 2018,
	month        = 4,
	journal      = {IEEE Global Engineering Education Conference},
	booktitle    = {2018 IEEE Global Engineering Education Conference (EDUCON)},
	publisher    = {IEEE},
	pages        = {1048--1056},
	doi          = {10.1109/EDUCON.2018.8363346}
}
@inproceedings{Bender2021,
	title        = {On the Dangers of Stochastic Parrots: Can Language Models Be Too Big?},
	author       = {Bender,  Emily M. and Gebru,  Timnit and McMillan-Major,  Angelina and Shmitchell,  Shmargaret},
	year         = 2021,
	month        = 3,
	journal      = {Conference on Fairness, Accountability and Transparency},
	booktitle    = {Proceedings of the 2021 ACM Conference on Fairness,  Accountability,  and Transparency},
	publisher    = {ACM},
	series       = {FAccT ’21},
	pages        = {610–623},
	doi          = {10.1145/3442188.3445922},
	url          = {http://dx.doi.org/10.1145/3442188.3445922},
	collection   = {FAccT ’21}
}
@inproceedings{Choudhuri2024,
	title        = {How Far Are We? The Triumphs and Trials of Generative AI in Learning Software Engineering},
	author       = {Choudhuri,  Rudrajit and Liu,  Dylan and Steinmacher,  Igor and Gerosa,  Marco and Sarma,  Anita},
	year         = 2024,
	month        = 4,
	booktitle    = {Proceedings of the IEEE/ACM 46th International Conference on Software Engineering},
	publisher    = {ACM},
	series       = {ICSE ’24},
	pages        = {1–13},
	doi          = {10.1145/3597503.3639201},
	url          = {http://dx.doi.org/10.1145/3597503.3639201},
	collection   = {ICSE ’24}
}
@inproceedings{Qadir2023,
	title        = {Engineering Education in the Era of ChatGPT: Promise and Pitfalls of Generative AI for Education},
	author       = {Qadir, Junaid},
	year         = 2023,
	month        = 5,
	journal      = {2022 IEEE Global Engineering Education Conference (EDUCON)},
	booktitle    = {2023 IEEE Global Engineering Education Conference (EDUCON)},
	publisher    = {IEEE},
	pages        = {1--9},
	doi          = {10.1109/EDUCON54358.2023.10125121},
	url          = {https://figshare.com/articles/preprint/Engineering_Education_in_the_Era_of_ChatGPT_Promise_and_Pitfalls_of_Generative_AI_for_Education/21789434/1/files/38676764.pdf},
	keywords     = {Training;Productivity;Biological system modeling;Training data;Chatbots;Artificial intelligence;Engineering education;Generative AI;ChatGPT;Engineering Education}
}
@article{Lappin2024,
	title        = {Assessing the Strengths and Weaknesses of Large Language Models},
	author       = {Lappin, Shalom},
	year         = 2024,
	month        = {03},
	day          = {01},
	journal      = {Journal of Logic, Language and Information},
	publisher    = {Springer Science and Business Media LLC},
	volume       = 33,
	number       = 1,
	pages        = {9--20},
	doi          = {10.1007/s10849-023-09409-x},
	issn         = {1572-9583},
	url          = {https://doi.org/10.1007/s10849-023-09409-x}
}
@online{Hinton2024,
	title        = {First reactions. Telephone interview, Noble Prize 2024},
	author       = {Geoffrey Hinton},
	year         = 2024,
	url          = {https://www.nobelprize.org/prizes/physics/2024/hinton/interview/},
	urldate      = {2024-11-05},
	note         = {Nobel Prize Outreach AB. Accessed: 2024-11-03},
	organization = {The Nobel Foundation}
}
@incollection{models2024_preface,
	title        = {Preface to the MODELS 2024 Educators Symposium},
	author       = {Eugene Syriani and Antonio García-Domínguez},
	year         = 2024,
	month        = 9,
	booktitle    = {MODELS Companion '24: Proceedings of the ACM/IEEE 27th International Conference on Model Driven Engineering Languages and Systems},
	location     = {Linz, Austria},
	publisher    = {Association for Computing Machinery},
	address      = {New York, NY, USA},
	pages        = {xxiv--xxvi},
	doi          = {10.1145/3652620},
	isbn         = 9798400706226
}
@inproceedings{Hage2013,
	title        = {Research paper: Plagiarism Detection for Haskell with Holmes},
	author       = {Hage, Jurriaan and Vermeer, Brian and Verburg, Gerben},
	year         = 2013,
	month        = {04},
	journal      = {Computer Science Education Research Conference},
	booktitle    = {Proceedings of the 3rd Computer Science Education Research Conference on Computer Science Education Research},
	location     = {Arnhem, Netherlands},
	publisher    = {Open Universiteit, Heerlen},
	address      = {Heerlen, NLD},
	series       = {CSERC '13},
	pages        = {19–30},
	doi          = {10.5555/2541917.2541919},
	url          = {https://dl.acm.org/doi/10.5555/2541917.2541919},
	editor       = {van Eekelen, Marko C. J. D. and Barendsen, Erik and Sloep, Peter B. and van der Veer, Gerrit C.},
	keywords     = {software analysis, plagiarism detection tools, empirical validation, Haskell},
	numpages     = 12
}
@online{JPlagSurvey2024,
	title        = {JPlag User Survey},
	author       = {Sa\u{g}lam, Timur and Hahner, Sebastian and {JPlag Development Team}},
	year         = 2024,
	url          = {https://github.com/jplag/JPlag/issues/1587},
	urldate      = {2024-11-05}
}
@article{Lancaster2023,
	title        = {Artificial intelligence,  text generation tools and ChatGPT – does digital watermarking offer a solution?},
	author       = {Lancaster,  Thomas},
	year         = 2023,
	month        = 7,
	journal      = {International Journal for Educational Integrity},
	publisher    = {Springer Science and Business Media LLC},
	volume       = 19,
	number       = 1,
	doi          = {10.1007/s40979-023-00131-6},
	issn         = {1833-2595},
	url          = {http://dx.doi.org/10.1007/s40979-023-00131-6}
}
@article{Amigud2019,
	title        = {246 reasons to cheat: An analysis of students’ reasons for seeking to outsource academic work},
	author       = {Alexander Amigud and Thomas Lancaster},
	year         = 2019,
	month        = 6,
	journal      = {Computers \& Education},
	publisher    = {Elsevier BV},
	volume       = 134,
	pages        = {98--107},
	doi          = {https://doi.org/10.1016/j.compedu.2019.01.017},
	issn         = {0360-1315},
	url          = {https://www.sciencedirect.com/science/article/pii/S0360131519300235},
	keywords     = {Cheating behavior, Social media, Outsourcing behavior, Delayed gratification, Academic integrity, Contract cheating}
}
@inproceedings{Schmid2022,
	title        = {Performance-detective: automatic deduction of cheap and accurate performance models},
	author       = {Schmid, Larissa and Copik, Marcin and Calotoiu, Alexandru and Werle, Dominik and Reiter, Andreas and Selzer, Michael and Koziolek, Anne and Hoefler, Torsten},
	year         = 2022,
	month        = 6,
	journal      = {International Conference on Supercomputing},
	booktitle    = {Proceedings of the 36th ACM International Conference on Supercomputing},
	location     = {Virtual Event},
	publisher    = {Association for Computing Machinery},
	address      = {New York, NY, USA},
	series       = {ICS '22},
	pages        = {1--13},
	doi          = {10.1145/3524059.3532391},
	isbn         = 9781450392815,
	url          = {https://doi.org/10.1145/3524059.3532391},
	articleno    = 3,
	editor       = {Rauchwerger, Lawrence and Cameron, Kirk W. and Nikolopoulos, Dimitrios S. and Pnevmatikatos, Dionisios N.},
	keywords     = {experiment design, empirical performance modeling, configurable systems, automatic performance modeling},
	numpages     = 13
}
@inproceedings{Schmid2024,
	title        = {Cost-Efficient Construction of Performance Models},
	author       = {Schmid, Larissa and Sa\u{g}lam, Timur and Selzer, Michael and Koziolek, Anne},
	year         = 2024,
	month        = 6,
	booktitle    = {Proceedings of the 4th Workshop on Performance EngineeRing, Modelling, Analysis, and VisualizatiOn STrategy},
	location     = {Pisa, Italy},
	publisher    = {Association for Computing Machinery},
	address      = {New York, NY, USA},
	series       = {PERMAVOST '24},
	pages        = {1–7},
	doi          = {10.1145/3660317.3660322},
	isbn         = 9798400706455,
	url          = {https://doi.org/10.1145/3660317.3660322},
	keywords     = {automatic performance modeling, empirical performance modeling, configurable systems, sampling},
	numpages     = 7
}
@inproceedings{Boltz2024,
	title        = {Human empowerment in self-adaptive socio-technical systems},
	author       = {Boltz, Nicolas and Getir Yaman, Sinem and Inverardi, Paola and De Lemos, Rog\'{e}rio and Van Landuyt, Dimitri and Zisman, Andrea},
	year         = 2024,
	month        = 4,
	journal      = {International Symposium on Software Engineering for Adaptive and Self-Managing Systems},
	booktitle    = {Proceedings of the 19th International Symposium on Software Engineering for Adaptive and Self-Managing Systems},
	location     = {Lisbon, AA, Portugal},
	publisher    = {Association for Computing Machinery},
	address      = {New York, NY, USA},
	series       = {SEAMS '24},
	pages        = {200–206},
	doi          = {10.1145/3643915.3644082},
	isbn         = 9798400705854,
	url          = {https://doi.org/10.1145/3643915.3644082},
	editor       = {Baresi, Luciano and Ma, Xiaoxing and Pasquale, Liliana},
	numpages     = 7
}
@inproceedings{Hahner2023,
	title        = {Architecture-Based Uncertainty Impact Analysis to Ensure Confidentiality},
	author       = {Hahner, Sebastian and Heinrich, Robert and Reussner, Ralf},
	year         = 2023,
	month        = 5,
	journal      = {International Symposium on Software Engineering for Adaptive and Self-Managing Systems},
	booktitle    = {2023 IEEE/ACM 18th Symposium on Software Engineering for Adaptive and Self-Managing Systems (SEAMS)},
	publisher    = {IEEE/ACM},
	address      = {Melbourne, Australia},
	pages        = {126–132},
	doi          = {10.1109/SEAMS59076.2023.00026},
	issn         = {2157-2321},
	url          = {http://dx.doi.org/10.1109/SEAMS59076.2023.00026}
}
@article{Harel2004,
	title        = {Meaningful modeling: what's the semantics of "semantics"?},
	author       = {Harel, D. and Rumpe, B.},
	year         = 2004,
	month        = 10,
	journal      = {Computer},
	publisher    = {Institute of Electrical and Electronics Engineers (IEEE)},
	volume       = 37,
	number       = 10,
	pages        = {64--72},
	doi          = {10.1109/MC.2004.172},
	issn         = {0018-9162},
	keywords     = {Unified modeling language;Law;Legal factors;Standardization;Context modeling;Data mining;Springs;Natural languages;Hardware;Handicapped aids}
}
@article{Martinez2022,
	title        = {Efficient model similarity estimation with robust hashing},
	author       = {Mart{\'i}nez, Salvador and G{\'e}rard, S{\'e}bastien and Cabot, Jordi},
	year         = 2022,
	month        = {02},
	day          = {01},
	journal      = {Software and Systems Modeling},
	publisher    = {Springer Science and Business Media LLC},
	volume       = 21,
	number       = 1,
	pages        = {337--361},
	doi          = {10.1007/s10270-021-00915-9},
	issn         = {1619-1374},
	url          = {https://doi.org/10.1007/s10270-021-00915-9}
}
@book{Brambilla2012,
	title        = {Model-Driven Software Engineering in Practice},
	author       = {Brambilla,  Marco and Cabot,  Jordi and Wimmer,  Manuel},
	year         = 2012,
	journal      = {Synthesis Lectures on Software Engineering},
	booktitle    = {Synthesis Lectures on Software Engineering},
	publisher    = {Springer International Publishing},
	doi          = {10.1007/978-3-031-02546-4},
	isbn         = 9783031025464,
	issn         = {2328-3327},
	url          = {http://dx.doi.org/10.1007/978-3-031-02546-4}
}
@article{Owens2013,
	title        = {A 5‐year systematic strategy to reduce plagiarism among first‐year psychology university students},
	author       = {Caleb Owens and Fiona A. White},
	year         = 2013,
	month        = 3,
	journal      = {Australian Journal of Psychology},
	publisher    = {Routledge},
	volume       = 65,
	number       = 1,
	pages        = {14--21},
	doi          = {10.1111/ajpy.12005},
	issn         = {0004-9530},
	url          = {https://doi.org/10.1111/ajpy.12005},
	eprint       = {https://doi.org/10.1111/ajpy.12005}
}
@article{Perkins2020,
	title        = {Reducing plagiarism through academic misconduct education},
	author       = {Perkins, Mike and Gezgin, Ulas Basar and Roe, Jasper},
	year         = 2020,
	month        = {05},
	day          = {01},
	journal      = {International Journal for Educational Integrity},
	publisher    = {Springer Science and Business Media LLC},
	volume       = 16,
	number       = 1,
	pages        = 3,
	doi          = {10.1007/s40979-020-00052-8},
	issn         = {1833-2595},
	url          = {https://doi.org/10.1007/s40979-020-00052-8}
}
@inproceedings{umam2021,
	title        = {The Effect of Disturbance in UML Sequence Diagram Images on Image Plagiarism Detection Ability Using the Perceptual Hash Algorithm},
	author       = {Umam, Khoirul and Kurniati, Septira and Rahmawati, Putri Nadia Ayu},
	year         = 2021,
	month        = 10,
	journal      = {2021 3rd International Conference on Cybernetics and Intelligent System (ICORIS)},
	booktitle    = {2021 3rd International Conference on Cybernetics and Intelligent System (ICORIS)},
	publisher    = {IEEE},
	volume       = 4,
	pages        = {1--5},
	doi          = {10.1109/ICORIS52787.2021.9649542}
}
@inproceedings{dahanayake2021,
	title        = {Plagiarism Detection Tool for Enhanced Entity-Relationship Diagrams},
	author       = {Dahanayake, Hasindu and Samarajeewa, Damish and Jayathilake, Arosha and Bandara, Dinithi and Karunasena, Anuradha and Weerasinghe, Lokesha},
	year         = 2021,
	month        = 12,
	journal      = {Ubiquitous Computing, Electronics \& Mobile Communication Conference},
	booktitle    = {2021 IEEE 12th Annual Ubiquitous Computing, Electronics \& Mobile Communication Conference (UEMCON)},
	publisher    = {IEEE},
	pages        = {0598--0606},
	doi          = {10.1109/UEMCON53757.2021.9666552}
}
@phdthesis{cornic2008,
	title        = {Software plagiarism detection using model-driven software development in Eclipse platform},
	author       = {Cornic, Pierre},
	year         = 2008,
	publisher    = {University of Manchester},
	language     = {english},
	school       = {University of Manchester},
	type         = {master's thesis}
}
@article{skuruvila2017,
	title        = {Flowchart Plagiarism Detection System: An Image Processing Approach},
	author       = {Jithin S Kuruvila and Midhun Lal {V L} and Rejin Roy and Tomin Baby and Sangeetha Jamal and K.K. Sherly},
	year         = 2017,
	journal      = {Procedia Computer Science},
	publisher    = {Elsevier BV},
	volume       = 115,
	pages        = {533--540},
	doi          = {https://doi.org/10.1016/j.procs.2017.09.111},
	issn         = {1877-0509},
	url          = {https://www.sciencedirect.com/science/article/pii/S1877050917319397}
}
@inproceedings{hurtik2015,
	title        = {FTIP: A tool for an image plagiarism detection},
	author       = {Hurtik, Petr and Hodakova, Petra},
	year         = 2015,
	month        = 11,
	journal      = {International Conference of Soft Computing and Pattern Recognition},
	booktitle    = {2015 7th International Conference of Soft Computing and Pattern Recognition (SoCPaR)},
	publisher    = {IEEE},
	pages        = {42--47},
	doi          = {10.1109/SOCPAR.2015.7492780},
	editor       = {Köppen, Mario and Xue, Bing and Takagi, Hideyuki and Abraham, Ajith and Muda, Azah Kamilah and Ma, Kun}
}
@inproceedings{meuschke2018,
	title        = {An Adaptive Image-based Plagiarism Detection Approach},
	author       = {Meuschke, Norman and Gondek, Christopher and Seebacher, Daniel and Breitinger, Corinna and Keim, Daniel and Gipp, Bela},
	year         = 2018,
	month        = 5,
	journal      = {ACM/IEEE Joint Conference on Digital Libraries},
	booktitle    = {Proceedings of the 18th ACM/IEEE on Joint Conference on Digital Libraries},
	location     = {Fort Worth, Texas, USA},
	publisher    = {Association for Computing Machinery},
	address      = {New York, NY, USA},
	series       = {JCDL '18},
	pages        = {131–140},
	doi          = {10.1145/3197026.3197042},
	isbn         = 9781450351782,
	url          = {https://doi.org/10.1145/3197026.3197042},
	editor       = {Chen, Jiangping and Gonçalves, Marcos André and Allen, Jeff M. and Fox, Edward A. and Kan, Min-Yen and Petras, Vivien},
	numpages     = 10
}
@article{parmar2024,
	title        = {VIBRANT-WALK: An algorithm to detect plagiarism of figures in academic papers},
	author       = {Shashank Parmar and Bhavya Jain},
	year         = 2024,
	month        = 5,
	journal      = {Expert Systems with Applications},
	publisher    = {Elsevier BV},
	volume       = 252,
	pages        = 124251,
	doi          = {https://doi.org/10.1016/j.eswa.2024.124251},
	issn         = {0957-4174},
	url          = {https://www.sciencedirect.com/science/article/pii/S0957417424011175}
}
@phdthesis{cabre2014,
	title        = {Studying the Impact of Obfuscation on Source Code Plagiarism Detection},
	author       = {Cabr{\'e} Juan, Albert},
	year         = 2014,
	publisher    = {Universitat Polit{\`e}cnica de Catalunya},
	language     = {english},
	school       = {University College London},
	type         = {{B.S.} thesis}
}
@article{rattan2013,
	title        = {Software clone detection: A systematic review},
	author       = {Dhavleesh Rattan and Rajesh Bhatia and Maninder Singh},
	year         = 2013,
	month        = 7,
	journal      = {Information and Software Technology},
	publisher    = {Elsevier BV},
	volume       = 55,
	number       = 7,
	pages        = {1165--1199},
	doi          = {https://doi.org/10.1016/j.infsof.2013.01.008},
	issn         = {0950-5849},
	url          = {https://www.sciencedirect.com/science/article/pii/S0950584913000323}
}
@article{ain2019,
	title        = {A Systematic Review on Code Clone Detection},
	author       = {Ain, Qurat Ul and Butt, Wasi Haider and Anwar, Muhammad Waseem and Azam, Farooque and Maqbool, Bilal},
	year         = 2019,
	month        = 5,
	journal      = {IEEE Access},
	publisher    = {Institute of Electrical and Electronics Engineers (IEEE)},
	volume       = 7,
	pages        = {86121--86144},
	doi          = {10.1109/ACCESS.2019.2918202},
	issn         = {2169-3536},
	url          = {https://ieeexplore.ieee.org/ielx7/6287639/8600701/08719895.pdf}
}
@inproceedings{feng2024,
	title        = {Machine Learning is All You Need: A Simple Token-based Approach for Effective Code Clone Detection},
	author       = {Feng, Siyue and Suo, Wenqi and Wu, Yueming and Zou, Deqing and Liu, Yang and Jin, Hai},
	year         = 2024,
	month        = 4,
	journal      = {International Conference on Software Engineering},
	booktitle    = {Proceedings of the IEEE/ACM 46th International Conference on Software Engineering},
	location     = {Lisbon, Portugal},
	publisher    = {Association for Computing Machinery},
	address      = {New York, NY, USA},
	series       = {ICSE '24},
	volume       = 1,
	pages        = {1--13},
	doi          = {10.1145/3597503.3639114},
	isbn         = 9798400702174,
	url          = {https://doi.org/10.1145/3597503.3639114},
	articleno    = 222,
	numpages     = 13
}
@inproceedings{li2024,
	title        = {Prism: Decomposing Program Semantics for Code Clone Detection through Compilation},
	author       = {Li, Haoran and Wang, Siqian and Quan, Weihong and Gong, Xiaoli and Su, Huayou and Zhang, Jin},
	year         = 2024,
	month        = 4,
	journal      = {International Conference on Software Engineering},
	booktitle    = {Proceedings of the IEEE/ACM 46th International Conference on Software Engineering},
	location     = {Lisbon, Portugal},
	publisher    = {Association for Computing Machinery},
	address      = {New York, NY, USA},
	series       = {ICSE '24},
	pages        = {1--13},
	doi          = {10.1145/3597503.3639129},
	isbn         = 9798400702174,
	url          = {https://doi.org/10.1145/3597503.3639129},
	articleno    = 217,
	numpages     = 13
}
@inproceedings{xu2024,
	title        = {DSFM: Enhancing Functional Code Clone Detection with Deep Subtree Interactions},
	author       = {Xu, Zhiwei and Qiang, Shaohua and Song, Dinghong and Zhou, Min and Wan, Hai and Zhao, Xibin and Luo, Ping and Zhang, Hongyu},
	year         = 2024,
	month        = 4,
	journal      = {International Conference on Software Engineering},
	booktitle    = {Proceedings of the IEEE/ACM 46th International Conference on Software Engineering},
	location     = {Lisbon, Portugal},
	publisher    = {Association for Computing Machinery},
	address      = {New York, NY, USA},
	series       = {ICSE '24},
	pages        = {1--12},
	doi          = {10.1145/3597503.3639215},
	isbn         = 9798400702174,
	url          = {https://doi.org/10.1145/3597503.3639215},
	articleno    = 221,
	numpages     = 12
}
@incollection{Langer2014,
	title        = {Semantic Model Differencing Utilizing Behavioral Semantics Specifications},
	author       = {Philip Langer and Tanja Mayerhofer and Gerti Kappel},
	year         = 2014,
	month        = 9,
	journal      = {ACM/IEEE International Conference on Model Driven Engineering Languages and Systems},
	booktitle    = {Model-Driven Engineering Languages and Systems},
	publisher    = {Springer International Publishing},
	address      = {Cham},
	volume       = 8767,
	pages        = {116--132},
	doi          = {10.1007/978-3-319-11653-2_8},
	isbn         = {978-3-319-11653-2},
	issn         = {0302-9743},
	editor       = {Dingel, Juergen and Schulte, Wolfram and Ramos, Isidro and Abrah{\~a}o, Silvia and Insfran, Emilio}
}
@article{Maoz2016,
	title        = {A framework for relating syntactic and semantic model differences},
	author       = {Shahar Maoz and Jan Oliver Ringert},
	year         = 2016,
	month        = {08},
	journal      = {Software and Systems Modeling},
	publisher    = {Springer Science and Business Media {LLC}},
	volume       = 17,
	number       = 3,
	pages        = {753--777},
	doi          = {10.1007/s10270-016-0552-y},
	issn         = {1619-1366}
}
@article{Pietsch2013,
	title        = {Model Matching Challenge: Benchmarks for Ecore and BPMN Diagrams},
	author       = {Pietsch, Pit AND Müller, Klaus AND Rumpe, Bernhard},
	year         = 2013,
	month        = 5,
	journal      = {Softwaretechnik-Trends},
	publisher    = {Springer Science and Business Media LLC},
	volume       = 33,
	number       = 2,
	pages        = {95--100},
	doi          = {10.1007/s40568-013-0061-x},
	issn         = {0720-8928},
	url          = {https://arxiv.org/pdf/1408.5693}
}
@inproceedings{Xing2005,
	title        = {UMLDiff: An Algorithm for Object-Oriented Design Differencing},
	author       = {Xing, Zhenchang and Stroulia, Eleni},
	year         = 2005,
	month        = 11,
	journal      = {International Conference on Automated Software Engineering},
	booktitle    = {Proceedings of the 20th IEEE/ACM International Conference on Automated Software Engineering},
	location     = {Long Beach, CA, USA},
	publisher    = {Association for Computing Machinery},
	address      = {New York, NY, USA},
	series       = {ASE '05},
	pages        = {54–65},
	doi          = {10.1145/1101908.1101919},
	isbn         = 1581139934,
	editor       = {Redmiles, David F. and Ellman, Thomas and Zisman, Andrea},
	hideurl      = {https://doi.org/10.1145/1101908.1101919},
	numpages     = 12
}
@inproceedings{addazi2016,
	title        = {Semantic-based Model Matching with EMFCompare},
	author       = {Addazi, Lorenzo and Cicchetti, Antonio and Di Rocco, Juri and Di Ruscio, Davide and Iovino, Ludovico and Pierantonio, Alfonso},
	year         = 2016,
	month        = 10,
	booktitle    = {10th Workshop on Models and Evolution},
	publisher    = {CEUR-WS},
	volume       = 1706,
	pages        = {40--49},
	url          = {http://www.es.mdh.se/publications/4468-},
	editor       = {Mayerhofer, Tanja and Pierantonio, Alfonso and Sch{\"a}tz, Bernhard and Tamzalit, Dalila}
}
@article{lin2007,
	title        = {DSMDiff: A differentiation tool for domain-specific models},
	author       = {Lin, Yuehua and Gray, Jeff and Jouault, Frédéric},
	year         = 2007,
	month        = {08},
	journal      = {European Journal of Information Systems - EUR J INFOR SYST},
	publisher    = {Informa UK Limited},
	volume       = 16,
	number       = 4,
	pages        = {349--361},
	doi          = {10.1057/palgrave.ejis.3000685},
	issn         = {0960-085X}
}
@article{foltynek2019,
	title        = {Academic Plagiarism Detection: A Systematic Literature Review},
	author       = {Folt\'{y}nek, Tom\'{a}\v{s} and Meuschke, Norman and Gipp, Bela},
	year         = 2019,
	month        = 10,
	journal      = {ACM Comput. Surv.},
	publisher    = {Association for Computing Machinery},
	address      = {New York, NY, USA},
	volume       = 52,
	number       = 6,
	pages        = {1--42},
	doi          = {10.1145/3345317},
	issn         = {0360-0300},
	url          = {https://doi.org/10.1145/3345317},
	articleno    = 112,
	issue_date   = {November 2020},
	numpages     = 42
}
@article{manzoor2023,
	title        = {Exploring the Landscape of Intrinsic Plagiarism Detection: Benchmarks, Techniques, Evolution, and Challenges},
	author       = {Manzoor, Muhammad Faraz and Farooq, Muhammad Shoaib and Haseeb, Muhammad and Farooq, Uzma and Khalid, Sohail and Abid, Adnan},
	year         = 2023,
	journal      = {IEEE Access},
	publisher    = {Institute of Electrical and Electronics Engineers (IEEE)},
	volume       = 11,
	pages        = {140519--140545},
	doi          = {10.1109/ACCESS.2023.3338855},
	issn         = {2169-3536},
	url          = {https://ieeexplore.ieee.org/ielx7/6287639/6514899/10339304.pdf}
}
@article{khurana2023,
	title        = {Natural language processing: state of the art, current trends and challenges},
	author       = {Khurana, Diksha and Koli, Aditya and Khatter, Kiran and Singh, Sukhdev},
	year         = 2023,
	month        = {01},
	day          = {01},
	journal      = {Multimedia Tools and Applications},
	publisher    = {Springer Science and Business Media LLC},
	volume       = 82,
	number       = 3,
	pages        = {3713--3744},
	doi          = {10.1007/s11042-022-13428-4},
	issn         = {1573-7721},
	url          = {https://doi.org/10.1007/s11042-022-13428-4}
}
@article{min2023,
	title        = {Recent Advances in Natural Language Processing via Large Pre-trained Language Models: A Survey},
	author       = {Min, Bonan and Ross, Hayley and Sulem, Elior and Veyseh, Amir Pouran Ben and Nguyen, Thien Huu and Sainz, Oscar and Agirre, Eneko and Heintz, Ilana and Roth, Dan},
	year         = 2023,
	month        = {09},
	journal      = {ACM Comput. Surv.},
	publisher    = {Association for Computing Machinery},
	address      = {New York, NY, USA},
	volume       = 56,
	number       = 2,
	pages        = {1--40},
	doi          = {10.1145/3605943},
	issn         = {0360-0300},
	url          = {https://doi.org/10.1145/3605943},
	articleno    = 30,
	issue_date   = {February 2024},
	numpages     = 40
}
@inproceedings{li2022,
	title        = {Research and Application of Deep Learning in Image Recognition},
	author       = {Li, Yinglong},
	year         = 2022,
	month        = 1,
	journal      = {2022 IEEE 2nd International Conference on Power, Electronics and Computer Applications (ICPECA)},
	booktitle    = {2022 IEEE 2nd International Conference on Power, Electronics and Computer Applications (ICPECA)},
	publisher    = {IEEE},
	pages        = {994--999},
	doi          = {10.1109/ICPECA53709.2022.9718847}
}
@article{Shafiq2022,
	title        = {Deep Residual Learning for Image Recognition: A Survey},
	author       = {Shafiq, Muhammad and Gu, Zhaoquan},
	year         = 2022,
	month        = 9,
	journal      = {Applied Sciences},
	publisher    = {MDPI AG},
	volume       = 12,
	number       = 18,
	pages        = 8972,
	doi          = {10.3390/app12188972},
	issn         = {2076-3417},
	url          = {https://www.mdpi.com/2076-3417/12/18/8972},
	article-number = 8972
}
@inproceedings{Schott2024,
	title        = {{Java Bytecode Normalization for Code Similarity Analysis}},
	author       = {Schott, Stefan and Ponta, Serena Elisa and Fischer, Wolfram and Klauke, Jonas and Bodden, Eric},
	year         = 2024,
	booktitle    = {38th European Conference on Object-Oriented Programming (ECOOP 2024)},
	publisher    = {Schloss Dagstuhl -- Leibniz-Zentrum f{\"u}r Informatik},
	address      = {Dagstuhl, Germany},
	series       = {Leibniz International Proceedings in Informatics (LIPIcs)},
	volume       = 313,
	pages        = {37:1--37:29},
	doi          = {10.4230/LIPIcs.ECOOP.2024.37},
	isbn         = {978-3-95977-341-6},
	issn         = {1868-8969},
	url          = {https://drops.dagstuhl.de/entities/document/10.4230/LIPIcs.ECOOP.2024.37},
	annote       = {Keywords: Bytecode, Java Compiler, Code Similarity Analysis},
	editor       = {Aldrich, Jonathan and Salvaneschi, Guido},
	urn          = {urn:nbn:de:0030-drops-208865}
}
@phdthesis{mozgovoy2007,
	title        = {Enhancing Computer-Aided Plagiarism Detection},
	author       = {Mozgovoy, Maxim},
	year         = 2007,
	publisher    = {Yliopistopaino},
	address      = {Joensuu, Finland},
	series       = {University of Joensuu, Computer Science and Statistics, Dissertations},
	number       = 18,
	pages        = 131,
	isbn         = {978-952-219-049-9},
	issn         = {1796-8100},
	isbn_pdf     = {978-952-219-050-5},
	issn_pdf     = {1796-8119},
	school       = {University of Joensuu},
	type         = {Ph.D. dissertation}
}
@article{paiva2022,
	title        = {Automated Assessment in Computer Science Education: A State-of-the-Art Review},
	author       = {Paiva, Jos\'{e} Carlos and Leal, Jos\'{e} Paulo and Figueira, \'{A}lvaro},
	year         = 2022,
	month        = jun,
	journal      = {ACM Trans. Comput. Educ.},
	publisher    = {Association for Computing Machinery},
	address      = {New York, NY, USA},
	volume       = 22,
	number       = 3,
	pages        = {1--40},
	doi          = {10.1145/3513140},
	issn         = {1946-6226},
	url          = {https://doi.org/10.1145/3513140},
	articleno    = 34,
	issue_date   = {September 2022},
	numpages     = 40
}
@article{mala-mutka2005,
	title        = {A Survey of Automated Assessment Approaches for Programming Assignments},
	author       = {Kirsti M Ala-Mutka},
	year         = 2005,
	month        = 6,
	journal      = {Computer Science Education},
	publisher    = {Routledge},
	volume       = 15,
	number       = 2,
	pages        = {83--102},
	doi          = {10.1080/08993400500150747},
	issn         = {0899-3408},
	url          = {https://doi.org/10.1080/08993400500150747},
	eprint       = {https://doi.org/10.1080/08993400500150747}
}
@article{higgins2005,
	title        = {Automated assessment and experiences of teaching programming},
	author       = {Higgins, Colin A. and Gray, Geoffrey and Symeonidis, Pavlos and Tsintsifas, Athanasios},
	year         = 2005,
	month        = 9,
	journal      = {J. Educ. Resour. Comput.},
	publisher    = {Association for Computing Machinery},
	address      = {New York, NY, USA},
	volume       = 5,
	number       = 3,
	pages        = {5–es},
	doi          = {10.1145/1163405.1163410},
	issn         = {1531-4278},
	url          = {https://doi.org/10.1145/1163405.1163410},
	issue_date   = {September 2005},
	numpages     = 21
}
@inproceedings{hamann2024,
	title        = {Towards an Interoperable Model-driven Automated Assessment System for Computer Science Education},
	author       = {Hamann, Markus and G\"{o}tz, Sebastian and A\ss{}mann, Uwe},
	year         = 2024,
	month        = 9,
	journal      = {ACM/IEEE International Conference on Model Driven Engineering Languages and Systems},
	booktitle    = {Proceedings of the ACM/IEEE 27th International Conference on Model Driven Engineering Languages and Systems},
	location     = {Linz, Austria},
	publisher    = {Association for Computing Machinery},
	address      = {New York, NY, USA},
	series       = {MODELS Companion '24},
	pages        = {95–102},
	doi          = {10.1145/3652620.3687775},
	isbn         = 9798400706226,
	url          = {https://doi.org/10.1145/3652620.3687775},
	editor       = {Wimmer, Manuel and Egyed, Alexander and Combemale, Benoît and Chechik, Marsha},
	numpages     = 8
}
@inproceedings{hosseinibaghdadabadi2023,
	title        = {Automated Grading of Use Cases},
	author       = {Hosseinibaghdadabadi, Mohsen and Alam, Omar and Almerge, Nicolas and Kienzle, Jörg},
	year         = 2023,
	month        = 10,
	journal      = {ACM/IEEE International Conference on Model Driven Engineering Languages and Systems},
	booktitle    = {2023 ACM/IEEE 26th International Conference on Model Driven Engineering Languages and Systems (MODELS)},
	publisher    = {IEEE},
	pages        = {106--116},
	doi          = {10.1109/MODELS58315.2023.00029}
}
@inproceedings{chen2024,
	title        = {Embedding-based Automated Assessment of Domain Models},
	author       = {Chen, Kua and Chen, Boqi and Yang, Yujing and Mussbacher, Gunter and Varr\'{o}, D\'{a}niel},
	year         = 2024,
	month        = 9,
	journal      = {ACM/IEEE International Conference on Model Driven Engineering Languages and Systems},
	booktitle    = {Proceedings of the ACM/IEEE 27th International Conference on Model Driven Engineering Languages and Systems},
	location     = {Linz, Austria},
	publisher    = {Association for Computing Machinery},
	address      = {New York, NY, USA},
	series       = {MODELS Companion '24},
	pages        = {87–94},
	doi          = {10.1145/3652620.3687774},
	isbn         = 9798400706226,
	url          = {https://doi.org/10.1145/3652620.3687774},
	editor       = {Wimmer, Manuel and Egyed, Alexander and Combemale, Benoît and Chechik, Marsha},
	numpages     = 8
}
@inproceedings{schottle2015,
	title        = {Feature modelling and traceability for concern-driven software development with TouchCORE},
	author       = {Sch\"{o}ttle, Matthias and Thimmegowda, Nishanth and Alam, Omar and Kienzle, J\"{o}rg and Mussbacher, Gunter},
	year         = 2015,
	month        = 3,
	journal      = {International Conference on Modularity},
	booktitle    = {Companion Proceedings of the 14th International Conference on Modularity},
	location     = {Fort Collins, CO, USA},
	publisher    = {Association for Computing Machinery},
	address      = {New York, NY, USA},
	series       = {MODULARITY Companion 2015},
	pages        = {11–14},
	doi          = {10.1145/2735386.2735922},
	isbn         = 9781450332835,
	url          = {https://doi.org/10.1145/2735386.2735922},
	editor       = {France, Robert B. and Ghosh, Sudipto and Leavens, Gary T.},
	numpages     = 4
}
@inbook{zschaler2018,
	title        = {Modularity for automated assessment: A design-space exploration},
	author       = {Steffen Zschaler and Sam White and Kyle Hodgetts and Martin Chapman},
	year         = 2018,
	month        = 1,
	day          = 1,
	journal      = {Software Engineering},
	booktitle    = {CEUR Workshop Proceedings},
	publisher    = {CEUR-WS},
	series       = {CEUR Workshop Proceedings},
	volume       = 2066,
	pages        = {57--61},
	issn         = {1925-7902},
	url          = {https://ceur-ws.org/Vol-2066/seels2018paper02.pdf},
	editor       = {Krusche, Stephan and Schneider, Kurt and Kuhrmann, Marco and Heinrich, Robert and Jung, Reiner and Konersmann, Marco and Schmieders, Eric and Striewe, Michael and Strickroth, Sven and Lucke, Ulrike and Lichter, Horst and Riehle, Dirk and Steffens, Andreas and Höttger, Robert and Teßmer, Jörg and Steghöfer, Jan-Philipp},
	language     = {English}
}
@inproceedings{novak2018,
	title        = {Calibration of source-code similarity detection tools for objective comparisons},
	author       = {Novak, M. and Kermek, D. and Joy, M.},
	year         = 2018,
	month        = 5,
	journal      = {International Convention on Information and Communication Technology, Electronics and Microelectronics},
	booktitle    = {2018 41st International Convention on Information and Communication Technology, Electronics and Microelectronics (MIPRO)},
	publisher    = {IEEE},
	pages        = {0794--0799},
	doi          = {10.23919/MIPRO.2018.8400147},
	url          = {https://wrap.warwick.ac.uk/111223/1/WRAP-calibration-source-code-detection-tools-comparisons-Joy-2018.pdf},
	editor       = {Skala, Karolj and Koricic, Marko and Grbac, Tihana Galinac and Cicin-Sain, Marina and Sruk, Vlado and Ribaric, Slobodan and Gros, Stjepan and Vrdoljak, Boris and Mauher, Mladen and Tijan, Edvard and Pale, Predrag and Janjic, Matej}
}
@inproceedings{novak2023,
	title        = {Student Perspectives on Source-Code Plagiarism: Case Study of Three Programming Courses},
	author       = {Novak, Matija},
	year         = 2023,
	month        = 5,
	journal      = {International Convention on Information and Communication Technology, Electronics and Microelectronics},
	booktitle    = {2023 46th MIPRO ICT and Electronics Convention (MIPRO)},
	publisher    = {IEEE},
	pages        = {861--866},
	doi          = {10.23919/MIPRO57284.2023.10159752},
	editor       = {Cisic, Dragan and Vrcek, Neven and Koricic, Marko and Gradisnik, Vera and Skala, Karolj and Car, Zeljka and Cicin-Sain, Marina and Babic, Snjezana and Sruk, Vlado and Skvorc, Dejan and Jovic, Alan and Gros, Stjepan and Vrdoljak, Boris and Tijan, Edvard and Katulic, Tihomir and Petrovic, Juraj and Grbac, Tihana Galinac and Bozicevic, Lovro}
}
@article{karnalim2024,
	title        = {Detecting AI assisted submissions in introductory programming via code anomaly},
	author       = {Karnalim, Oscar and Toba, Hapnes and Johan, Meliana Christianti},
	year         = 2024,
	month        = 9,
	day          = {01},
	journal      = {Education and Information Technologies},
	publisher    = {Springer Science and Business Media LLC},
	volume       = 29,
	number       = 13,
	pages        = {16841--16866},
	doi          = {10.1007/s10639-024-12520-6},
	issn         = {1573-7608},
	url          = {https://doi.org/10.1007/s10639-024-12520-6}
}
@inproceedings{Seidewitz2014,
	title        = {UML with meaning: executable modeling in foundational UML and the Alf action language},
	author       = {Seidewitz, Ed},
	year         = 2014,
	month        = 10,
	journal      = {Ada Lett},
	booktitle    = {Proceedings of the 2014 ACM SIGAda Annual Conference on High Integrity Language Technology},
	location     = {Portland, Oregon, USA},
	publisher    = {Association for Computing Machinery},
	address      = {New York, NY, USA},
	series       = {HILT '14},
	volume       = 34,
	number       = 3,
	pages        = {61–68},
	doi          = {10.1145/2663171.2663187},
	isbn         = 9781450332170,
	issn         = {1094-3641},
	url          = {https://doi.org/10.1145/2663171.2663187},
	editor       = {Feldman, Michael and Taft, S. Tucker},
	issue_date   = {December 2014},
	numpages     = 8
}
@inproceedings{Arwin2006,
	title        = {Plagiarism detection across programming languages},
	author       = {Arwin, Christian and Tahaghoghi, S. M. M.},
	year         = 2006,
	journal      = {Australasian Computer Science Conference},
	booktitle    = {Proceedings of the 29th Australasian Computer Science Conference - Volume 48},
	location     = {Hobart, Australia},
	publisher    = {Australian Computer Society, Inc.},
	address      = {AUS},
	series       = {ACSC '06},
	volume       = 48,
	pages        = {277–286},
	doi          = {10.5555/1151699.1151730},
	isbn         = 1920682309,
	url          = {https://crpit.com/confpapers/CRPITV48Arwin.pdf},
	editor       = {Estivill-Castro, Vladimir and Dobbie, Gillian},
	numpages     = 10
}
@article{Mussbacher2024,
	title        = {Polyglot Software Development: Wait, What?},
	author       = {Mussbacher, Gunter and Combemale, Benoit and Kienzle, Jörg and Burgueño, Lola and Garcia-Dominguez, Antonio and Jézéquel, Jean-Marc and Jouneaux, Gwendal and Khelladi, Djamel-Eddine and Mosser, Sébastien and Pulgar, Corinne and Sahraoui, Houari and Schiedermeier, Maximilian and van der Storm, Tijs},
	year         = 2024,
	month        = 7,
	journal      = {IEEE Software},
	publisher    = {Institute of Electrical and Electronics Engineers (IEEE)},
	volume       = 41,
	number       = 4,
	pages        = {124--133},
	doi          = {10.1109/MS.2023.3347875},
	issn         = {0740-7459},
	keywords     = {Task analysis;Stakeholders;Codes;Programming;Unified modeling language;Programming profession;Software development management;Product development}
}
@inproceedings{Pan2024b,
	title        = {Lost in Translation: A Study of Bugs Introduced by Large Language Models while Translating Code},
	author       = {Pan, Rangeet and Ibrahimzada, Ali Reza and Krishna, Rahul and Sankar, Divya and Wassi, Lambert Pouguem and Merler, Michele and Sobolev, Boris and Pavuluri, Raju and Sinha, Saurabh and Jabbarvand, Reyhaneh},
	year         = 2024,
	month        = 4,
	booktitle    = {Proceedings of the IEEE/ACM 46th International Conference on Software Engineering},
	location     = {Lisbon, Portugal},
	publisher    = {Association for Computing Machinery},
	address      = {New York, NY, USA},
	series       = {ICSE '24},
	pages        = {1--13},
	doi          = {10.1145/3597503.3639226},
	isbn         = 9798400702174,
	url          = {https://doi.org/10.1145/3597503.3639226},
	articleno    = 82,
	numpages     = 13
}
@inproceedings{Klare2019,
	title        = {Commonalities for Preserving Consistency of Multiple Models},
	author       = {Klare, Heiko and Gleitze, Joshua},
	year         = 2019,
	month        = 9,
	journal      = {2019 ACM/IEEE 22nd International Conference on Model Driven Engineering Languages and Systems Companion (MODELS-C)},
	booktitle    = {2019 ACM/IEEE 22nd International Conference on Model Driven Engineering Languages and Systems Companion (MODELS-C)},
	publisher    = {IEEE},
	volume       = 4,
	pages        = {371--378},
	doi          = {10.1109/MODELS-C.2019.00058},
	editor       = {Burgueño, Loli and Pretschner, Alexander and Voss, Sebastian and Chaudron, Michel and Kienzle, Jörg and Völter, Markus and Gérard, Sébastien and Zahedi, Mansooreh and Bousse, Erwan and Rensink, Arend and Polack, Fiona and Engels, Gregor and Kappel, Gerti},
	keywords     = {model consistency, model transformation, multidirectional transformation, commonalities}
}
@article{zhang2015,
	title        = {A survey on bug-report analysis},
	author       = {Zhang, Jie and Wang, XiaoYin and Hao, Dan and Xie, Bing and Zhang, Lu and Mei, Hong},
	year         = 2015,
	month        = 2,
	day          = 1,
	journal      = {Science China Information Sciences},
	publisher    = {Springer Science and Business Media LLC},
	volume       = 58,
	number       = 2,
	pages        = {1--24},
	doi          = {10.1007/s11432-014-5241-2},
	issn         = {1869-1919},
	url          = {https://doi.org/10.1007/s11432-014-5241-2}
}
@incollection{palomba2014,
	title        = {Chapter Four - Anti-Pattern Detection: Methods, Challenges, and Open Issues},
	author       = {Fabio Palomba and Andrea {De Lucia} and Gabriele Bavota and Rocco Oliveto},
	year         = 2014,
	journal      = {Advances in Computing},
	booktitle    = {Advances in Computers},
	publisher    = {Elsevier},
	series       = {Advances in Computers},
	volume       = 95,
	pages        = {201--238},
	doi          = {https://doi.org/10.1016/B978-0-12-800160-8.00004-8},
	issn         = {0065-2458},
	url          = {https://www.sciencedirect.com/science/article/pii/B9780128001608000048},
	editor       = {Atif Memon}
}
@inproceedings{Saglam2024Keynote,
	title        = {Detecting Modelling Plagiarism: Navigating Automated Obfuscation and Generative AI},
	author       = {Timur Sağlam},
	year         = 2024,
	month        = 9,
	day          = 24,
	booktitle    = {Educators Symposium, MODELS 2024},
	location     = {Linz, Austria},
	series       = {MODELS},
	url          = {https://conf.researchr.org/details/models-2024/models-2024-educators-symposium/7/Keynote-1-Detecting-Modelling-Plagiarism-Navigating-Automated-Obfuscation-and-Gener},
	note         = {Invited Keynote},
	eventtitle   = {ACM/IEEE 27th International Conference on Model Driven Engineering Languages and Systems},
	howpublished = {Keynote at the Educators Symposium, MODELS 2024},
	venue        = {T - Super Mario Bros - Session 1: Opening}
}
@inproceedings{Novak2021,
	title        = {Improved plagiarism detection with collaboration network visualization based on source-code similarity},
	author       = {Novak, Matija and Joy, Mike S. and Mirza, Olfat M.},
	year         = 2021,
	month        = 5,
	booktitle    = {2021 IEEE Technology \& Engineering Management Conference - Europe (TEMSCON-EUR)},
	publisher    = {IEEE},
	volume       = 8,
	pages        = {1--6},
	doi          = {10.1109/TEMSCON-EUR52034.2021.9488644},
	issn         = {0191-4545}
}
@inproceedings{Ebrahim2024,
	title        = {Semantic Similarity Search for Source Code Plagiarism Detection: An Exploratory Study},
	author       = {Ebrahim, Fahad and Joy, Mike},
	year         = 2024,
	month        = 7,
	journal      = {Annual Conference on Innovation and Technology in Computer Science Education},
	booktitle    = {Proceedings of the 2024 on Innovation and Technology in Computer Science Education V. 1},
	location     = {Milan, Italy},
	publisher    = {Association for Computing Machinery},
	address      = {New York, NY, USA},
	series       = {ITiCSE 2024},
	pages        = {360–366},
	doi          = {10.1145/3649217.3653622},
	isbn         = 9798400706004,
	url          = {https://doi.org/10.1145/3649217.3653622},
	editor       = {Monga, Mattia and Lonati, Violetta and Barendsen, Erik and Sheard, Judithe and Paterson, James},
	numpages     = 7
}
@article{Messer2024,
	title        = {Automated Grading and Feedback Tools for Programming Education: A Systematic Review},
	author       = {Messer, Marcus and Brown, Neil C. C. and K\"{o}lling, Michael and Shi, Miaojing},
	year         = 2024,
	month        = 2,
	journal      = {ACM Trans. Comput. Educ.},
	publisher    = {Association for Computing Machinery},
	address      = {New York, NY, USA},
	volume       = 24,
	number       = 1,
	pages        = {1--43},
	doi          = {10.1145/3636515},
	issn         = {1946-6226},
	url          = {https://doi.org/10.1145/3636515},
	articleno    = 10,
	issue_date   = {March 2024},
	numpages     = 43
}
@article{Aho1972,
	title        = {Equivalence of programs with structured variables},
	author       = {A.V. Aho and J.D. Ullman},
	year         = 1972,
	month        = 4,
	journal      = {Journal of Computer and System Sciences},
	publisher    = {Elsevier BV},
	volume       = 6,
	number       = 2,
	pages        = {125--137},
	doi          = {https://doi.org/10.1016/S0022-0000(72)80018-7},
	issn         = {0022-0000},
	url          = {https://www.sciencedirect.com/science/article/pii/S0022000072800187}
}
@inproceedings{Denzler2024,
	title        = {Style Anomalies Can Suggest Cheating in CS1 Programs},
	author       = {Denzler, Benjamin and Vahid, Frank and Pang, Ashley and Salloum, Mariam},
	year         = 2024,
	month        = 7,
	journal      = {Annual Conference on Innovation and Technology in Computer Science Education},
	booktitle    = {Proceedings of the 2024 on Innovation and Technology in Computer Science Education V. 1},
	location     = {Milan, Italy},
	publisher    = {Association for Computing Machinery},
	address      = {New York, NY, USA},
	series       = {ITiCSE 2024},
	pages        = {381–387},
	doi          = {10.1145/3649217.3653626},
	isbn         = 9798400706004,
	url          = {https://doi.org/10.1145/3649217.3653626},
	editor       = {Monga, Mattia and Lonati, Violetta and Barendsen, Erik and Sheard, Judithe and Paterson, James},
	numpages     = 7
}
@phdthesis{morris1969,
	title        = {Lambda-Calculus Models of Programming Languages},
	author       = {Morris, James Hiram, Jr.},
	year         = 1969,
	pages        = {49--53},
	url          = {https://dspace.mit.edu/handle/1721.1/64850},
	school       = {Massachusetts Institute of Technology},
	type         = {Ph.D. thesis},
	department   = {Sloan School of Management}
}

@inproceedings{Sidhu2018,
	title        = {A Catalogue of Model Smells and Refactoring Operations for Object-Oriented Software},
	author       = {Sidhu, Brahmaleen K. and Singh, Kawaljeet and Sharma, Neeraj},
	year         = 2018,
	month        = {4},
	booktitle    = {2018 Second International Conference on Inventive Communication and Computational Technologies (ICICCT)},
	publisher    = {IEEE},
	volume       = {1},
	pages        = {313--319},
	doi          = {10.1109/ICICCT.2018.8473027}
}

@article{Bettini2022,
	title        = {An executable metamodel refactoring catalog},
	author       = {Bettini, Lorenzo and Di Ruscio, Davide and Iovino, Ludovico and Pierantonio, Alfonso},
	year         = 2022,
	month        = {10},
	day          = {01},
	journal      = {Software and Systems Modeling},
	publisher    = {Springer Science and Business Media LLC},
	volume       = 21,
	number       = 5,
	pages        = {1689--1709},
	doi          = {10.1007/s10270-022-01034-9},
	issn         = {1619-1374},
	url          = {https://doi.org/10.1007/s10270-022-01034-9}
}
@dataset{replication-package,
	title        = {{Replication Package for "Mitigating Automated Obfuscation Attacks on Software Plagiarism Detection Systems"}},
	author       = {Sa\u{g}lam, Timur},
	year         = 2024,
	month        = 11,
	journal      = {Zenodo (CERN European Organization for Nuclear Research)},
	publisher    = {Zenodo},
    doi          = {10.5281/zenodo.14235289},
	organization = {Karlsruhe Institute of Technology},
}
@misc{gdpr,
	title        = {Regulation (EU) 2016/679 of the European Parliament and of the Council of 27 April 2016 on the protection of natural persons with regard to the processing of personal data and on the free movement of such data, and repealing Directive 95/46/EC (General Data Protection Regulation)},
	author       = {{European Union}},
	year         = 2016,
	month        = may,
	url          = {http://data.europa.eu/eli/reg/2016/679/oj},
	note         = {In force. Current consolidated version: 4 May 2016},
	howpublished = {Official Journal of the European Union, L 119, pp. 1--88}
}