@inproceedings{Saglam2024a,
	title        = {Automated Detection of AI-Obfuscated Plagiarism in Modeling Assignments},
	author       = {Sa\u{g}lam, Timur and Hahner, Sebastian and Schmid, Larissa and Burger, Erik},
	year         = 2024,
	month        = 4,
	journal      = {{SEET@ICSE}},
	booktitle    = {Proceedings of the 46th International Conference on Software Engineering: Software Engineering Education and Training},
	location     = {Lisbon, Portugal},
	publisher    = {Association for Computing Machinery},
	address      = {New York, NY, USA},
	series       = {ICSE-SEET '24},
	pages        = {297--308},
	doi          = {10.1145/3639474.3640084},
	isbn         = {9798400704987},
	url          = {https://dl.acm.org/doi/pdf/10.1145/3639474.3640084},
	numpages     = 12,
    label = {ACM/IEEE ICSE-SEET 2024}
}
@inproceedings{Saglam2024b,
	title        = {Detecting Automatic Software Plagiarism via Token Sequence Normalization},
	author       = {Sa\u{g}lam, Timur and Br\"{o}del, Moritz and Schmid, Larissa and Hahner, Sebastian},
	year         = 2024,
	month        = 4,
	journal      = {International Conference on Software Engineering},
	booktitle    = {Proceedings of the IEEE/ACM 46th International Conference on Software Engineering},
	location     = {Lisbon, Portugal},
	publisher    = {Association for Computing Machinery},
	address      = {New York, NY, USA},
	series       = {ICSE '24},
	pages        = {113:1--113:13},
	doi          = {10.1145/3597503.3639192},
	isbn         = 9798400702174,
	url          = {https://doi.org/10.1145/3597503.3639192},
	articleno    = 113,
	numpages     = 13,
    label = {ACM/IEEE ICSE 2024}
}
@inproceedings{Saglam2024c,
	title        = {Obfuscation-Resilient Software Plagiarism Detection with JPlag},
	author       = {Sa\u{g}lam, Timur and Hahner, Sebastian and Schmid, Larissa and Burger, Erik},
	year         = 2024,
	month        = 4,
	journal      = {ICSE Companion},
	booktitle    = {Proceedings of the 2024 IEEE/ACM 46th International Conference on Software Engineering: Companion Proceedings},
	location     = {Lisbon, Portugal},
	publisher    = {Institute of Electrical and Electronics Engineers (IEEE)},
	series       = {ICSE '24},
	pages        = {264–265},
	doi          = {10.1145/3639478.3643074},
	isbn         = 9798400705021,
	url          = {https://doi.org/10.1145/3639478.3643074},
	eventdate    = {2024-04-14/2024-04-20},
	hideeventtitle   = {46th International Conference on Software Engineering},
	language     = {english},
	numpages     = 2,
	venue        = {Lisbon, Portugal},
    label = {ACM/IEEE ICSE-C 2024}
}
@inproceedings{Saglam2024d,
	title        = {Mitigating Automated Obfuscation Attacks on Software Plagiarism Detectors via Subsequence Merging},
	author       = {Sa\u{g}lam, Timur and Niehues, Nils and Hahner, Sebastian and Schmid, Larissa},
	year         = 2025,
	journal      = {IEEE Conference on Software Engineering Education and Training},
	booktitle    = {Proceedings of the IEEE 37th IEEE Conference on Software Engineering Education and Training },
	location     = {Ottawa, Canada},
	series       = {CSEE\&T '24},
    note         = {SUBMITTED},
    label = {IEEE CSEE\&T 2025}
}
@inproceedings{Saglam2022,
	title        = {Token-Based Plagiarism Detection for Metamodels},
	author       = {Sa\u{g}lam, Timur and Hahner, Sebastian and Wittler, Jan Willem and K\"{u}hn, Thomas},
	year         = 2022,
	month        = 10,
	journal      = {ACM/IEEE International Conference on Model Driven Engineering Languages and Systems},
	booktitle    = {Proceedings of the 25th International Conference on Model Driven Engineering Languages and Systems: Companion Proceedings},
	location     = {Montreal, Quebec, Canada},
	publisher    = {ACM},
	address      = {New York, NY, USA},
	series       = {MODELS '22},
	pages        = {138–141},
	doi          = {10.1145/3550356.3556508},
	isbn         = 9781450394673,
	editor       = {0001, Thomas K\"{u}hn and Sousa, Vasco},
	hideurl      = {https://doi.org/10.1145/3550356.3556508},
	numpages     = 4,
	keywords     = {token-based plagiarism detection, plagiarism detection, JPlag, metamodel similarity, obfuscation attacks, education, metamodeling},
    label = {ACM/IEEE MODELS-C 2022}
}

@inproceedings{Saglam2023,
	title        = {How Students Plagiarize Modeling Assignments},
	author       = {Sa\u{g}lam, Timur and Schmid, Larissa and Hahner, Sebastian and Burger, Erik},
	year         = 2023,
	month        = 10,
	journal      = {ACM/IEEE International Conference on Model Driven Engineering Languages and Systems},
	booktitle    = {2023 ACM/IEEE International Conference on Model Driven Engineering Languages and Systems Companion (MODELS-C)},
	location     = {V\"{a}ster\aa{}s, Sweden},
	publisher    = {IEEE},
	series       = {MODELS '23},
	pages        = {98--101},
	doi          = {10.1109/MODELS-C59198.2023.00032},
	numpages     = 4,
	volume       = {},
	number       = {},
    label = {ACM/IEEE MODELS-C 2023}
}

@article{Kienzle2024,
  title     = "Requirements for modelling tools for teaching",
  author    = "Kienzle, J{\"o}rg and Zschaler, Steffen and Barnett, William and
               Sa{\u g}lam, Timur and Bucchiarone, Antonio and Abrah{\~a}o,
               Silvia and Syriani, Eugene and Kolovos, Dimitris and Lethbridge,
               Timothy and Mustafiz, Sadaf and Meacham, Sofia",
  journal = {Software and Systems Modeling},
  series  = {Expert's Voice},
  publisher = "Springer",
  pages     = "1--19",
  month     =  jul,
  year      =  2024,
  language  = "en",
  label   = {Springer SoSyM 2024},
  doi= {10.1007/s10270-024-01192-y},
  issn={1619-1374}
}

@dataset{replication-package,
	title        = {{Replication Package for "Mitigating Automated Obfuscation Attacks on Software Plagiarism Detection Systems"}},
	author       = {Sa\u{g}lam, Timur},
	year         = 2024,
	month        = 11,
	journal      = {Zenodo (CERN European Organization for Nuclear Research)},
	publisher    = {Zenodo},
    doi          = {10.5281/zenodo.14235289},
	organization = {Karlsruhe Institute of Technology},
    label   = {\textit{Replication Package}}
}